
<marc:record><marc:leader>04388cam a2200505 a 4500</marc:leader>
<marc:controlfield tag="001">90558</marc:controlfield>
<marc:controlfield tag="005">20110119170038.0</marc:controlfield><marc:controlfield tag="008">951213s1474    gw            000 0 lat  </marc:controlfield><marc:datafield tag="010" ind1=" " ind2=" "><marc:subfield code="a">   87144392 </marc:subfield></marc:datafield><marc:datafield tag="035" ind1=" " ind2=" "><marc:subfield code="9">DCFG95-B2606</marc:subfield></marc:datafield><marc:datafield tag="040" ind1=" " ind2=" "><marc:subfield code="d">UtOrBLW</marc:subfield></marc:datafield><marc:datafield tag="050" ind1="0" ind2="0"><marc:subfield code="a">Incun. 1474</marc:subfield><marc:subfield code="b">.L48</marc:subfield><marc:subfield code="a">BX1756</marc:subfield></marc:datafield><marc:datafield tag="051" ind1=" " ind2=" "><marc:subfield code="a">Incun. 1474</marc:subfield><marc:subfield code="b">.L48 Copy 2</marc:subfield><marc:subfield code="c">Copy 2. Blank [1]₁ wanting. Paragraph marks, initials in red (principal initial space on p. [5] left blank). No paging in table of contents or text, except for foliation in modern pencil which does not take leaf [1]₁ into account. Quire [1] does not appear to contain cancel. Quire [9] is entirely printed, without any leaves in ms. Leaf [25]₉ (recto) ends correctly &quot;vt patet.&quot; The last line of [41]₂ (recto) is supplied in manuscript, but in a different hand from that used in the same place in LC copy 1. Leaf [41]₃ (recto) is a corrected state, having printed the correction found in manuscript in LC copy 1. Ms. inscription at head of leaf [3]: Monasterij S. Faelicitatis in [?].</marc:subfield></marc:datafield><marc:datafield tag="090" ind1=" " ind2=" "><marc:subfield code="b">INC L132</marc:subfield><marc:subfield code="t">6̃10</marc:subfield><marc:subfield code="t">6̃50</marc:subfield><marc:subfield code="t">7̃40</marc:subfield><marc:subfield code="t">7̃55</marc:subfield><marc:subfield code="i">01/02/96 C</marc:subfield></marc:datafield><marc:datafield tag="240" ind1="1" ind2="0"><marc:subfield code="a">Sermones aurei de sanctis</marc:subfield></marc:datafield><marc:datafield tag="245" ind1="1" ind2="0"><marc:subfield code="a">Sermones aurei de sanctis Fratris Leonardi de Vtino, sacre theologie doctoris, ordinis Predicato[rum]</marc:subfield></marc:datafield><marc:datafield tag="260" ind1=" " ind2=" "><marc:subfield code="a">[Augsburg :</marc:subfield><marc:subfield code="b">Abbey of St. Ulrich and Afra,</marc:subfield><marc:subfield code="c">1474]</marc:subfield></marc:datafield><marc:datafield tag="300" ind1=" " ind2=" "><marc:subfield code="a">[862] p. (the first leaf blank) ;</marc:subfield><marc:subfield code="c">33 cm. (fol.)</marc:subfield></marc:datafield><marc:datafield tag="500" ind1=" " ind2=" "><marc:subfield code="a">Caption title (p. [5])</marc:subfield></marc:datafield><marc:datafield tag="500" ind1=" " ind2=" "><marc:subfield code="a">Explicit: Expliciunt Sermo[n]es aurei de s[an]c[t]is p[er] totu[m] a[n]num, quos co[m]pilauit magister Leonhardus de Vtino, sacre theologie doctor Ordinis Fratrum P[re]dicatorum, ad insta[n]tia[m] &amp; co[m]place[n]tia[m] magnifice comunitatis Vtinensis ac nobilium virorum eiudem [sic] Mccccxlvi in vigilia beatissimi patris nostri Dominici ...</marc:subfield></marc:datafield><marc:datafield tag="500" ind1=" " ind2=" "><marc:subfield code="a">Place of publication and publisher statement from Goff; date of publication from colophon.</marc:subfield></marc:datafield><marc:datafield tag="500" ind1=" " ind2=" "><marc:subfield code="a">Signatures: [1-10]¹⁰, [11]¹⁰(-[11]6,+[11]6), [12]⁸(-[12]8,+[12]8), [13]¹⁰(-[13]5,10), [14]⁶, [15-21]¹⁰, [22]⁶(-[22]2), [23-26]¹⁰, [27]¹⁰(-[27]9,10), [28-35]¹⁰, [36]⁸, [37-44]¹⁰, [45]⁸.</marc:subfield></marc:datafield><marc:datafield tag="510" ind1="4" ind2=" "><marc:subfield code="a">Goff</marc:subfield><marc:subfield code="c">L-154.</marc:subfield></marc:datafield><marc:datafield tag="510" ind1="4" ind2=" "><marc:subfield code="a">BM 15th cent.,</marc:subfield><marc:subfield code="c">II, p. 339-340 (IB.5754).</marc:subfield></marc:datafield><marc:datafield tag="510" ind1="4" ind2=" "><marc:subfield code="a">Hain-Copinger (+additions),</marc:subfield><marc:subfield code="c">16130*.</marc:subfield></marc:datafield><marc:datafield tag="590" ind1=" " ind2=" "><marc:subfield code="a">Folger copy lacks leaves [1]1 (blank), [2]2, [3]3-8, [6]4, [8]10, [9]3-8, [10]5,6, [18]4,7, [19]4-7, [23]5,6, [28]3, [32]5,6, [37]2, 8-10, [38]1-4, [44]8, [45]7 (collation verified with LC copy Incun. 1474. L48 BX1756; leaves [12]1,8 being disjunct, do not allow to verify that leaf [12]8 is a cancel); edges trimmed affecting manuscript quiring.</marc:subfield></marc:datafield><marc:datafield tag="590" ind1=" " ind2=" "><marc:subfield code="a">Initials, paragraph marks and underlining of titles of sermons provided in red paint throughout (with more extensive rubrication in &quot;In festo Visitationis gloriose virginis Marie&quot;).</marc:subfield></marc:datafield><marc:datafield tag="590" ind1=" " ind2=" "><marc:subfield code="a">Manuscript quiring in brown ink; a few corrections in text.</marc:subfield></marc:datafield><marc:datafield tag="590" ind1=" " ind2=" "><marc:subfield code="a">Bookplate with motto &quot;Torcular calcavi solus&quot; of John Patrice Auguste Madden; booklabel of George Dunn, his initials, date &quot;May 1897&quot; and notes on front flyleaf (no. 3862 in the Sotheby sale catalog of his library, Nov. 1917); a small purple stamp with initials &quot;HH&quot; in a circle and a triangle, at foot of recto of last leaf, unidentified; bookplate of W.T. Smedley; purchased in 1924.</marc:subfield></marc:datafield><marc:datafield tag="590" ind1=" " ind2=" "><marc:subfield code="a">Previously bound in a later cardboard binding covered with 3 layers of different paste papers, with early printed fragments used as endpaper and spine reinforcement; rebound; in a tailored box (paste papers and printed waste kept in a container in the box).</marc:subfield></marc:datafield><marc:datafield tag="650" ind1=" " ind2="0"><marc:subfield code="a">Church year sermons</marc:subfield><marc:subfield code="v">Early works to 1800.</marc:subfield></marc:datafield><marc:datafield tag="650" ind1=" " ind2="0"><marc:subfield code="a">Sermons, Latin</marc:subfield><marc:subfield code="v">Early works to 1800.</marc:subfield></marc:datafield><marc:datafield tag="650" ind1=" " ind2="0"><marc:subfield code="a">Christian saints</marc:subfield><marc:subfield code="v">Sermons</marc:subfield><marc:subfield code="v">Early works to 1800.</marc:subfield></marc:datafield><marc:datafield tag="610" ind1="2" ind2="0"><marc:subfield code="a">Catholic Church</marc:subfield><marc:subfield code="v">Sermons</marc:subfield><marc:subfield code="v">Early works to 1800.</marc:subfield></marc:datafield><marc:datafield tag="655" ind1=" " ind2="7"><marc:subfield code="a">Printed waste (Binding)</marc:subfield><marc:subfield code="2">rbbin</marc:subfield></marc:datafield><marc:datafield tag="655" ind1=" " ind2="7"><marc:subfield code="a">Paste papers (Binding)</marc:subfield><marc:subfield code="2">rbbin</marc:subfield></marc:datafield><marc:datafield tag="740" ind1="0" ind2=" "><marc:subfield code="a">Sermones de sanctis.</marc:subfield></marc:datafield><marc:datafield tag="700" ind1="1" ind2=" "><marc:subfield code="a">Madden, John Patrick Auguste,</marc:subfield><marc:subfield code="d">1808-1889,</marc:subfield><marc:subfield code="e">former owner.</marc:subfield></marc:datafield><marc:datafield tag="700" ind1="1" ind2=" "><marc:subfield code="a">Dunn, George,</marc:subfield><marc:subfield code="d">1864-1912,</marc:subfield><marc:subfield code="e">former owner.</marc:subfield></marc:datafield><marc:datafield tag="700" ind1="1" ind2=" "><marc:subfield code="a">Smedley, William T.</marc:subfield><marc:subfield code="q">(William Thomas),</marc:subfield><marc:subfield code="d">b. 1851,</marc:subfield><marc:subfield code="e">former owner.</marc:subfield></marc:datafield><marc:datafield tag="710" ind1="2" ind2=" "><marc:subfield code="a">St. Ulrich und Afra (Benedictine abbey : Augsburg, Germany),</marc:subfield><marc:subfield code="e">printer.</marc:subfield></marc:datafield><marc:datafield tag="752" ind1="1" ind2="0"><marc:subfield code="d">Augsburg.</marc:subfield></marc:datafield><marc:datafield tag="100" ind1="0" ind2=" "><marc:subfield code="a">Leonardus,</marc:subfield><marc:subfield code="c">de Utino,</marc:subfield><marc:subfield code="d">15th cent.</marc:subfield></marc:datafield><marc:datafield tag="950" ind1=" " ind2=" "><marc:subfield code="l">RARE</marc:subfield><marc:subfield code="i">01/02/96 C</marc:subfield></marc:datafield><marc:datafield tag="998" ind1=" " ind2=" "><marc:subfield code="a">01/02/96</marc:subfield><marc:subfield code="t">c</marc:subfield><marc:subfield code="s">9110</marc:subfield><marc:subfield code="n">DFo</marc:subfield><marc:subfield code="w">DCLC87144392B</marc:subfield><marc:subfield code="d">12/13/95</marc:subfield><marc:subfield code="c">ML</marc:subfield><marc:subfield code="b">MT</marc:subfield><marc:subfield code="l">DCFG</marc:subfield></marc:datafield></marc:record>