
<marc:record><marc:leader>04647cam a2200481 a 4500</marc:leader>
<marc:controlfield tag="001">90564</marc:controlfield>
<marc:controlfield tag="005">20120822124951.0</marc:controlfield><marc:controlfield tag="008">951215s1474    gw            000 0 lat d</marc:controlfield><marc:datafield tag="035" ind1=" " ind2=" "><marc:subfield code="9">DCFG95-B2613</marc:subfield></marc:datafield><marc:datafield tag="040" ind1=" " ind2=" "><marc:subfield code="a">DFo</marc:subfield><marc:subfield code="c">DFo</marc:subfield><marc:subfield code="e">dcrb</marc:subfield><marc:subfield code="d">UtOrBLW</marc:subfield></marc:datafield><marc:datafield tag="090" ind1=" " ind2=" "><marc:subfield code="b">INC R8</marc:subfield><marc:subfield code="t">6̃50</marc:subfield><marc:subfield code="t">6̃55</marc:subfield><marc:subfield code="t">7̃55</marc:subfield><marc:subfield code="i">01/02/96 C</marc:subfield></marc:datafield><marc:datafield tag="240" ind1="1" ind2="0"><marc:subfield code="a">Pantheologia</marc:subfield></marc:datafield><marc:datafield tag="245" ind1="1" ind2="0"><marc:subfield code="a">Ad reuerendissimum in [Christ]o patrem et dominum B. miseratione diuina sancte Romane Ecclesie dignissimum Episcopum Cardinalem Sabinensem Placentinum ... fratris Iacobi Florentini Ordinis Minorum prefatio in sequens opus fratris Raijnerij de Pisis ordinis Predicatorum incipit.</marc:subfield></marc:datafield><marc:datafield tag="260" ind1=" " ind2=" "><marc:subfield code="a">[Augsburg :</marc:subfield><marc:subfield code="b">Günther Zainer,</marc:subfield><marc:subfield code="c">1474]</marc:subfield></marc:datafield><marc:datafield tag="300" ind1=" " ind2=" "><marc:subfield code="a">2 v. ([1018], [968] p.) ;</marc:subfield><marc:subfield code="c">41 cm. (fol.)</marc:subfield></marc:datafield><marc:datafield tag="500" ind1=" " ind2=" "><marc:subfield code="a">In 2 pts.</marc:subfield></marc:datafield><marc:datafield tag="500" ind1=" " ind2=" "><marc:subfield code="a">Title from caption on leaf [a]2r (1st pt.).</marc:subfield></marc:datafield><marc:datafield tag="500" ind1=" " ind2=" "><marc:subfield code="a">Imprint from BM 15th cent.</marc:subfield></marc:datafield><marc:datafield tag="500" ind1=" " ind2=" "><marc:subfield code="a">Signatures: v.1: [A]¹⁰, [B]⁸, [C]⁶ ([C]3+1), [D]¹², [a-2y]¹⁰, [2z]⁸, [2[et]]⁸, [2[con]]⁶; v2.: [a-z]¹⁰, [et]¹⁰, [con]¹⁰, [rum]¹⁰, [2a-2s]¹⁰, [2t]⁸, [2v-2x]¹⁰, [2y-2z]⁸.</marc:subfield></marc:datafield><marc:datafield tag="500" ind1=" " ind2=" "><marc:subfield code="a">Woodcut initials and capital spaces.</marc:subfield></marc:datafield><marc:datafield tag="500" ind1=" " ind2=" "><marc:subfield code="a">Printed in 2 columns.</marc:subfield></marc:datafield><marc:datafield tag="510" ind1="4" ind2=" "><marc:subfield code="a">Goff</marc:subfield><marc:subfield code="c">R-6.</marc:subfield></marc:datafield><marc:datafield tag="510" ind1="4" ind2=" "><marc:subfield code="a">BM 15th cent.,</marc:subfield><marc:subfield code="c">II, p. 321 (IC.5473).</marc:subfield></marc:datafield><marc:datafield tag="510" ind1="4" ind2=" "><marc:subfield code="a">Hain</marc:subfield><marc:subfield code="c">13016*.</marc:subfield></marc:datafield><marc:datafield tag="500" ind1=" " ind2=" "><marc:subfield code="a">Leaves [D]12 and [a]1 in v. 1, and [a]1 and [2z]8 in v.2, are blank.</marc:subfield></marc:datafield><marc:datafield tag="590" ind1=" " ind2=" "><marc:subfield code="a">Folger copy: v.1: table bound at end of the vol.; leaf [D]12, blank, lacking; leaves [z]4-7 misbound, reading [z]5, [z]4, [z]7, [z]6; v.2 lacks leaves [a]1 (blank), [a]2, and [2z]8 (blank); leaf [a]9 misbound before [a]3; conjugate leaves [l]4-[l]7 duplicated in gathering [l] of vol. 2.</marc:subfield></marc:datafield><marc:datafield tag="590" ind1=" " ind2=" "><marc:subfield code="a">Illuminated initials on leaves [a]2r and [a]3r with acanthus ornament extending in the margin, in colors with punched gold background; initial on leaf [a]3r in frame painted in alternate red and green; large initials crudely painted in color in v. 2; initials, capital strokes, and underlining of first word of sentences in red paint throughout; inscription &quot;nullus defectus&quot; in same red paint in first blank column on leaf [z]5v (another blank column on leaf [2l]4v has these words printed).</marc:subfield></marc:datafield><marc:datafield tag="590" ind1=" " ind2=" "><marc:subfield code="a">Omissions in text supplied in manuscript at foot of columns; numerous manuscript notes in margins in several hands (and some short notes of commentary), with fists, numbering, underlining, and trefoil markings used as signes-de-renvoi; a few corrections in text; some manuscript notes point at the misbinding in gathering [3] in v. 1; manuscript numbering of leaves, reading &quot;1-985&quot; including missing leaf [a]2 at beginning of v. 2; manuscript table on back flyleaf of v. 1 giving leaf no. of each table of contents; manuscript addition of leaf no. to chapters in tables of contents throughout the 2 vols.</marc:subfield></marc:datafield><marc:datafield tag="590" ind1=" " ind2=" "><marc:subfield code="a">Several ownership inscriptions &quot;Mon[aste]rij Montis S. Georgij&quot; [for the Benedictines of Sankt Georgenberg] at beginning of v. 1 and at end of v. 2, with dates 1659 and 1652; bookplate of W.T. Smedley; purchased in 1924.</marc:subfield></marc:datafield><marc:datafield tag="590" ind1=" " ind2=" "><marc:subfield code="a">In a contemporary Augsburg calf binding, originally on wooden boards, blind tooled with floral stamps, &quot;ave Maria&quot; inscription and symbol of St. John the Evangelist (cf. Kyriss 27, and Schwenke-Schunke Evangelisten-Symbole 3a, Schrift 192 etc. &quot;Augsburg Schwinck-Meister&quot;); remains of 2 clasps; paper label with handwritten author name and title on front cover of each volume; inscriptions on lower edges reading from spine to fore-edge &quot;Prima pars pantheologie&quot; and &quot;Secã ps. pan.&quot;; leather tabs on 1st leaf of each table of contents; vellum fragments used as reinforcement in most of the gatherings; rebound in 1990 and 1991, retaining original leather; clasps repaired (original wooden boards kept and shelved with the book).</marc:subfield></marc:datafield><marc:datafield tag="650" ind1=" " ind2="0"><marc:subfield code="a">Theology</marc:subfield><marc:subfield code="v">Dictionaries.</marc:subfield></marc:datafield><marc:datafield tag="655" ind1=" " ind2="7"><marc:subfield code="a">Annotations (Provenance)</marc:subfield><marc:subfield code="2">rbprov</marc:subfield></marc:datafield><marc:datafield tag="655" ind1=" " ind2="7"><marc:subfield code="a">Illuminations.</marc:subfield><marc:subfield code="2">gmgpc</marc:subfield></marc:datafield><marc:datafield tag="655" ind1=" " ind2="7"><marc:subfield code="a">Calf bindings (Binding)</marc:subfield><marc:subfield code="z">Germany</marc:subfield><marc:subfield code="z">Augsburg</marc:subfield><marc:subfield code="y">15th century.</marc:subfield><marc:subfield code="2">rbbin</marc:subfield></marc:datafield><marc:datafield tag="710" ind1="2" ind2=" "><marc:subfield code="a">Benediktinerabtei Sankt Georgenberg-Fiecht,</marc:subfield><marc:subfield code="e">former owner.</marc:subfield></marc:datafield><marc:datafield tag="700" ind1="1" ind2=" "><marc:subfield code="a">Smedley, William T.</marc:subfield><marc:subfield code="q">(William Thomas),</marc:subfield><marc:subfield code="d">b. 1851,</marc:subfield><marc:subfield code="e">former owner.</marc:subfield></marc:datafield><marc:datafield tag="700" ind1="1" ind2=" "><marc:subfield code="a">Zainer, Günther,</marc:subfield><marc:subfield code="d">fl. 1468-1480?,</marc:subfield><marc:subfield code="e">printer.</marc:subfield></marc:datafield><marc:datafield tag="752" ind1=" " ind2=" "><marc:subfield code="a">Germany</marc:subfield><marc:subfield code="d">Augsburg.</marc:subfield></marc:datafield><marc:datafield tag="100" ind1="0" ind2=" "><marc:subfield code="a">Rainerius,</marc:subfield><marc:subfield code="c">de Pisis,</marc:subfield><marc:subfield code="d">d. ca. 1348.</marc:subfield></marc:datafield><marc:datafield tag="856" ind1="4" ind2="1"><marc:subfield code="u">http://luna.folger.edu/luna/servlet/s/mzz03y</marc:subfield><marc:subfield code="z">Binding images and description for Folger Shakespeare Library INC R8 volume 1</marc:subfield></marc:datafield><marc:datafield tag="856" ind1="4" ind2="1"><marc:subfield code="u">http://luna.folger.edu/luna/servlet/s/mfz514</marc:subfield><marc:subfield code="z">Binding images and description for Folger Shakespeare Library INC R8 volume 2</marc:subfield></marc:datafield><marc:datafield tag="950" ind1=" " ind2=" "><marc:subfield code="l">RARE</marc:subfield><marc:subfield code="i">01/02/96 C</marc:subfield></marc:datafield><marc:datafield tag="998" ind1=" " ind2=" "><marc:subfield code="a">01/02/96</marc:subfield><marc:subfield code="t">c</marc:subfield><marc:subfield code="s">9114</marc:subfield><marc:subfield code="n">DFo</marc:subfield><marc:subfield code="w">DCFG95B2613</marc:subfield><marc:subfield code="d">12/15/95</marc:subfield><marc:subfield code="c">ML</marc:subfield><marc:subfield code="b">MT</marc:subfield><marc:subfield code="l">DCFG</marc:subfield></marc:datafield></marc:record>