
<marc:record><marc:leader>01446cam a2200385 a 4500</marc:leader>
<marc:controlfield tag="001">89974</marc:controlfield>
<marc:controlfield tag="005">20110119170011.0</marc:controlfield><marc:controlfield tag="008">940824s1499    sz            000 0 lat d</marc:controlfield><marc:datafield tag="035" ind1=" " ind2=" "><marc:subfield code="9">DCFG94-B2890</marc:subfield></marc:datafield><marc:datafield tag="035" ind1=" " ind2=" "><marc:subfield code="a">89974</marc:subfield></marc:datafield><marc:datafield tag="040" ind1=" " ind2=" "><marc:subfield code="a">DFo</marc:subfield><marc:subfield code="c">DFo</marc:subfield><marc:subfield code="e">dcrb</marc:subfield><marc:subfield code="d">UtOrBLW</marc:subfield></marc:datafield><marc:datafield tag="090" ind1=" " ind2=" "><marc:subfield code="b">INC C722</marc:subfield><marc:subfield code="f">166221</marc:subfield><marc:subfield code="t">6̃50</marc:subfield><marc:subfield code="t">7̃55</marc:subfield><marc:subfield code="i">08/30/94 C</marc:subfield></marc:datafield><marc:datafield tag="111" ind1="2" ind2=" "><marc:subfield code="a">Council of Basel</marc:subfield><marc:subfield code="d">(1431-1449)</marc:subfield></marc:datafield><marc:datafield tag="240" ind1="0" ind2="0"><marc:subfield code="a">Canones et decreta</marc:subfield></marc:datafield><marc:datafield tag="245" ind1="1" ind2="0"><marc:subfield code="a">Decreta Concilij Basiliensis.</marc:subfield></marc:datafield><marc:datafield tag="260" ind1=" " ind2=" "><marc:subfield code="a">[Basel :</marc:subfield><marc:subfield code="b">Jakob Wolff,</marc:subfield><marc:subfield code="c">after 1 March 1499]</marc:subfield></marc:datafield><marc:datafield tag="300" ind1=" " ind2=" "><marc:subfield code="a">[224] p. ;</marc:subfield><marc:subfield code="c">21 cm. (4to)</marc:subfield></marc:datafield><marc:datafield tag="500" ind1=" " ind2=" "><marc:subfield code="a">Caption at head of text on leaf a3r, reads: Decreta [et] acta cõcilij Basilieñ.</marc:subfield></marc:datafield><marc:datafield tag="500" ind1=" " ind2=" "><marc:subfield code="a">Edited by Sebastian Brant; his prefatory letter is dated: Kalendis Marcijs. Anno a natali. Mccccxcix.</marc:subfield></marc:datafield><marc:datafield tag="500" ind1=" " ind2=" "><marc:subfield code="a">Imprint from Goff.</marc:subfield></marc:datafield><marc:datafield tag="500" ind1=" " ind2=" "><marc:subfield code="a">Signatures: a-o⁸ (c2 signed e2).</marc:subfield></marc:datafield><marc:datafield tag="500" ind1=" " ind2=" "><marc:subfield code="a">Printed initials.</marc:subfield></marc:datafield><marc:datafield tag="510" ind1="4" ind2=" "><marc:subfield code="a">Goff</marc:subfield><marc:subfield code="c">C-799.</marc:subfield></marc:datafield><marc:datafield tag="510" ind1="4" ind2=" "><marc:subfield code="a">BM 15th cent.,</marc:subfield><marc:subfield code="c">III, p. 777 (IA.37715).</marc:subfield></marc:datafield><marc:datafield tag="510" ind1="4" ind2=" "><marc:subfield code="a">GW</marc:subfield><marc:subfield code="c">7284.</marc:subfield></marc:datafield><marc:datafield tag="590" ind1=" " ind2=" "><marc:subfield code="a">Folger copy: printed waste in German pasted on covers.</marc:subfield></marc:datafield><marc:datafield tag="590" ind1=" " ind2=" "><marc:subfield code="a">Purchased in 1958.</marc:subfield></marc:datafield><marc:datafield tag="610" ind1="2" ind2="0"><marc:subfield code="a">Catholic Church</marc:subfield><marc:subfield code="x">Doctrines</marc:subfield><marc:subfield code="v">Early works to 1800.</marc:subfield></marc:datafield><marc:datafield tag="650" ind1=" " ind2="0"><marc:subfield code="a">Councils and synods.</marc:subfield></marc:datafield><marc:datafield tag="655" ind1=" " ind2="7"><marc:subfield code="a">Printed waste (Binding)</marc:subfield><marc:subfield code="2">rbbin</marc:subfield></marc:datafield><marc:datafield tag="700" ind1="1" ind2=" "><marc:subfield code="a">Brant, Sebastian,</marc:subfield><marc:subfield code="d">1458-1521.</marc:subfield></marc:datafield><marc:datafield tag="752" ind1="1" ind2="0"><marc:subfield code="d">Basel.</marc:subfield></marc:datafield><marc:datafield tag="700" ind1="0" ind2=" "><marc:subfield code="a">Jacob,</marc:subfield><marc:subfield code="c">von Pfortzheim,</marc:subfield><marc:subfield code="d">d. 1519,</marc:subfield><marc:subfield code="e">printer.</marc:subfield></marc:datafield><marc:datafield tag="950" ind1=" " ind2=" "><marc:subfield code="l">RARE</marc:subfield><marc:subfield code="i">08/30/94 C</marc:subfield></marc:datafield><marc:datafield tag="998" ind1=" " ind2=" "><marc:subfield code="a">08/30/94</marc:subfield><marc:subfield code="t">c</marc:subfield><marc:subfield code="s">9114</marc:subfield><marc:subfield code="n">DFo</marc:subfield><marc:subfield code="w">DCFG94B2890</marc:subfield><marc:subfield code="d">08/24/94</marc:subfield><marc:subfield code="c">ML</marc:subfield><marc:subfield code="b">MT</marc:subfield><marc:subfield code="l">DCFG</marc:subfield></marc:datafield></marc:record>