
<marc:record><marc:leader>02136cam a2200421 a 4500</marc:leader>
<marc:controlfield tag="001">90291</marc:controlfield>
<marc:controlfield tag="005">20120822120104.0</marc:controlfield><marc:controlfield tag="008">950522s1474    sz            000 0 lat d</marc:controlfield><marc:datafield tag="035" ind1=" " ind2=" "><marc:subfield code="9">DCFG95-B1543</marc:subfield></marc:datafield><marc:datafield tag="035" ind1=" " ind2=" "><marc:subfield code="a">90291</marc:subfield></marc:datafield><marc:datafield tag="040" ind1=" " ind2=" "><marc:subfield code="a">DFo</marc:subfield><marc:subfield code="c">DFo</marc:subfield><marc:subfield code="e">dcrb</marc:subfield><marc:subfield code="d">UtOrBLW</marc:subfield></marc:datafield><marc:datafield tag="090" ind1=" " ind2=" "><marc:subfield code="b">INC M290</marc:subfield><marc:subfield code="f">162385</marc:subfield><marc:subfield code="t">6̃50</marc:subfield><marc:subfield code="t">7̃55</marc:subfield><marc:subfield code="i">08/17/95 N</marc:subfield><marc:subfield code="h">05/25/95 C</marc:subfield></marc:datafield><marc:datafield tag="130" ind1="0" ind2=" "><marc:subfield code="a">Martyrologium.</marc:subfield></marc:datafield><marc:datafield tag="245" ind1="1" ind2="0"><marc:subfield code="a">Viola sancto[rum] ...</marc:subfield></marc:datafield><marc:datafield tag="260" ind1=" " ind2=" "><marc:subfield code="a">[Basel :</marc:subfield><marc:subfield code="b">Bernhard Richel,</marc:subfield><marc:subfield code="c">ca. 1474]</marc:subfield></marc:datafield><marc:datafield tag="300" ind1=" " ind2=" "><marc:subfield code="a">[184] p. ;</marc:subfield><marc:subfield code="c">30 cm. (fol.)</marc:subfield></marc:datafield><marc:datafield tag="500" ind1=" " ind2=" "><marc:subfield code="a">Title from headline (leaf [a]1r).</marc:subfield></marc:datafield><marc:datafield tag="500" ind1=" " ind2=" "><marc:subfield code="a">Imprint from Goff.</marc:subfield></marc:datafield><marc:datafield tag="500" ind1=" " ind2=" "><marc:subfield code="a">Signatures: [a-h]¹⁰, [i-k]⁶.</marc:subfield></marc:datafield><marc:datafield tag="500" ind1=" " ind2=" "><marc:subfield code="a">Woodcut initial on leaf [a]1r, spaces elsewhere.</marc:subfield></marc:datafield><marc:datafield tag="500" ind1=" " ind2=" "><marc:subfield code="a">Includes marginal references.</marc:subfield></marc:datafield><marc:datafield tag="510" ind1="4" ind2=" "><marc:subfield code="a">Goff</marc:subfield><marc:subfield code="c">M-333.</marc:subfield></marc:datafield><marc:datafield tag="510" ind1="4" ind2=" "><marc:subfield code="a">BM 15th cent.,</marc:subfield><marc:subfield code="c">III, p. 736 (IB.37156).</marc:subfield></marc:datafield><marc:datafield tag="510" ind1="4" ind2=" "><marc:subfield code="a">Hain</marc:subfield><marc:subfield code="c">10867*.</marc:subfield></marc:datafield><marc:datafield tag="590" ind1=" " ind2=" "><marc:subfield code="a">Folger copy: manuscript correction of error in headlines on leaves [b]5v and [b]6r.</marc:subfield></marc:datafield><marc:datafield tag="590" ind1=" " ind2=" "><marc:subfield code="a">Inscription &quot;James Weale Dublin, October 1833&quot; on front pastedown, and his bibliographic notes on front free endpaper, signed &quot;J.W. 1834&quot; (not listed in the Evans sale catalog of his library (?), Febr. 1840); bookplate and ownership inscription &quot;Ex libris Gilbert R. Redgrave Muswell Hill 1883&quot;, with his bibliographic notes, signed &quot;G.R.R.&quot; on front free endpaper; also a code or shelfmark on front pastedown.</marc:subfield></marc:datafield><marc:datafield tag="590" ind1=" " ind2=" "><marc:subfield code="a">In a later binding covered with liturgical manuscript fragments (manuscript note at foot of front pastedown relating to the parchment cover, defaced, illegible).</marc:subfield></marc:datafield><marc:datafield tag="590" ind1=" " ind2=" "><marc:subfield code="a">Purchased in 1957.</marc:subfield></marc:datafield><marc:datafield tag="650" ind1=" " ind2="0"><marc:subfield code="a">Martyrologies.</marc:subfield></marc:datafield><marc:datafield tag="655" ind1=" " ind2="7"><marc:subfield code="a">Manuscript waste (Binding)</marc:subfield><marc:subfield code="2">rbbin</marc:subfield></marc:datafield><marc:datafield tag="655" ind1=" " ind2="7"><marc:subfield code="a">Vellum bindings (Binding)</marc:subfield><marc:subfield code="2">rbbin</marc:subfield></marc:datafield><marc:datafield tag="700" ind1="1" ind2=" "><marc:subfield code="a">Weale, James,</marc:subfield><marc:subfield code="d">d. 1839?,</marc:subfield><marc:subfield code="e">former owner.</marc:subfield></marc:datafield><marc:datafield tag="700" ind1="1" ind2=" "><marc:subfield code="a">Redgrave, G. R.</marc:subfield><marc:subfield code="q">(Gilbert Richard),</marc:subfield><marc:subfield code="d">b. 1844,</marc:subfield><marc:subfield code="e">former owner.</marc:subfield></marc:datafield><marc:datafield tag="700" ind1="1" ind2=" "><marc:subfield code="a">Richel, Bernhard,</marc:subfield><marc:subfield code="d">d. 1482,</marc:subfield><marc:subfield code="e">printer.</marc:subfield></marc:datafield><marc:datafield tag="752" ind1="1" ind2="0"><marc:subfield code="d">Basel.</marc:subfield></marc:datafield><marc:datafield tag="856" ind1="4" ind2="1"><marc:subfield code="u">http://luna.folger.edu/luna/servlet/s/46ius8</marc:subfield><marc:subfield code="z">Binding images and description for Folger Shakespeare Library INC M290</marc:subfield></marc:datafield><marc:datafield tag="950" ind1=" " ind2=" "><marc:subfield code="l">RARE</marc:subfield><marc:subfield code="h">05/25/95 C</marc:subfield></marc:datafield><marc:datafield tag="998" ind1=" " ind2=" "><marc:subfield code="a">08/17/95</marc:subfield><marc:subfield code="t">c</marc:subfield><marc:subfield code="s">9114</marc:subfield><marc:subfield code="n">DFo</marc:subfield><marc:subfield code="w">DCFG95B1543</marc:subfield><marc:subfield code="d">05/22/95</marc:subfield><marc:subfield code="c">ML</marc:subfield><marc:subfield code="b">MT</marc:subfield><marc:subfield code="l">DCFG</marc:subfield></marc:datafield></marc:record>