
<marc:record><marc:leader>02164cam a2200385 a 4500</marc:leader>
<marc:controlfield tag="001">90322</marc:controlfield>
<marc:controlfield tag="005">20120822121442.0</marc:controlfield><marc:controlfield tag="008">950726s1499    it            000 0 lat d</marc:controlfield><marc:datafield tag="035" ind1=" " ind2=" "><marc:subfield code="9">DCFG95-B1850</marc:subfield></marc:datafield><marc:datafield tag="035" ind1=" " ind2=" "><marc:subfield code="a">90322</marc:subfield></marc:datafield><marc:datafield tag="040" ind1=" " ind2=" "><marc:subfield code="a">DFo</marc:subfield><marc:subfield code="c">DFo</marc:subfield><marc:subfield code="e">dcrb</marc:subfield></marc:datafield><marc:datafield tag="090" ind1=" " ind2=" "><marc:subfield code="b">INC P23</marc:subfield><marc:subfield code="f">179634</marc:subfield><marc:subfield code="i">08/17/95 N</marc:subfield><marc:subfield code="h">07/28/95 C</marc:subfield></marc:datafield><marc:datafield tag="100" ind1="1" ind2=" "><marc:subfield code="a">Sassi, Panfilo,</marc:subfield><marc:subfield code="d">ca. 1455-1527.</marc:subfield></marc:datafield><marc:datafield tag="240" ind1="1" ind2="0"><marc:subfield code="a">Selections.</marc:subfield><marc:subfield code="f">1499</marc:subfield></marc:datafield><marc:datafield tag="245" ind1="1" ind2="0"><marc:subfield code="a">Pamphili Saxi poetae lepidissimi Epigrammatum libri quattuor ; Distichorum libri duo ; De bello Gallico ; De laudibus Veronae ; Elegiarum liber unus ...</marc:subfield></marc:datafield><marc:datafield tag="260" ind1=" " ind2=" "><marc:subfield code="a">[Brescia] :</marc:subfield><marc:subfield code="b">Angeli Britannici ciuis Brix. sumptu Bernardinus Misinta impressit ... Brixiae ...,</marc:subfield><marc:subfield code="c">pridie Nonas Quintiles [6 July] 1499.</marc:subfield></marc:datafield><marc:datafield tag="300" ind1=" " ind2=" "><marc:subfield code="a">[384] p. ;</marc:subfield><marc:subfield code="c">22 cm. (4to)</marc:subfield></marc:datafield><marc:datafield tag="500" ind1=" " ind2=" "><marc:subfield code="a">Imprint from colophon (leaf r3r).</marc:subfield></marc:datafield><marc:datafield tag="500" ind1=" " ind2=" "><marc:subfield code="a">Signatures: a¹⁰, b-q⁸, A⁸, B⁶, C⁸, D⁴, E-H⁸, r⁴ (a2, a3, a4, a5, respectively signed a, a2, a3, a4; b4 signed b3, k3 signed k2, m4 signed m2, q4 signed a4, G4 signed G2).</marc:subfield></marc:datafield><marc:datafield tag="500" ind1=" " ind2=" "><marc:subfield code="a">Errata (leaf r4).</marc:subfield></marc:datafield><marc:datafield tag="500" ind1=" " ind2=" "><marc:subfield code="a">Variant as described in BM 15th cent. on leaf C8v; additional lines described in BM, at foot of column of errata (leaf r4r) do not appear in this copy.</marc:subfield></marc:datafield><marc:datafield tag="500" ind1=" " ind2=" "><marc:subfield code="a">The numbering of Elegiae in headlines in gatherings G and H is irregular; the order of Elegiae in these gatherings does not follow the numerical order.</marc:subfield></marc:datafield><marc:datafield tag="500" ind1=" " ind2=" "><marc:subfield code="a">Capital spaces with guide letters.</marc:subfield></marc:datafield><marc:datafield tag="510" ind1="4" ind2=" "><marc:subfield code="a">Goff</marc:subfield><marc:subfield code="c">P-24.</marc:subfield></marc:datafield><marc:datafield tag="510" ind1="4" ind2=" "><marc:subfield code="a">BM 15th cent.,</marc:subfield><marc:subfield code="c">VII, p. 992 (IA.31265).</marc:subfield></marc:datafield><marc:datafield tag="510" ind1="4" ind2=" "><marc:subfield code="a">BN incun.,</marc:subfield><marc:subfield code="c">S-156.</marc:subfield></marc:datafield><marc:datafield tag="590" ind1=" " ind2=" "><marc:subfield code="a">Folger copy: leaves G3 and G4 (signed G2) misbound, reading: G1, G2, G4, G3, G6, G5, G7, G8.</marc:subfield></marc:datafield><marc:datafield tag="590" ind1=" " ind2=" "><marc:subfield code="a">A few manuscript notes and numerous markings; inscription &quot;i660-23-i&quot; on leaf b5v, and &quot;i660-29-i&quot; on leaf F4r.</marc:subfield></marc:datafield><marc:datafield tag="590" ind1=" " ind2=" "><marc:subfield code="a">Purchased in 1960.</marc:subfield></marc:datafield><marc:datafield tag="700" ind1="1" ind2=" "><marc:subfield code="a">Britannico, Angelo,</marc:subfield><marc:subfield code="d">d. 1517,</marc:subfield><marc:subfield code="e">printer.</marc:subfield></marc:datafield><marc:datafield tag="700" ind1="1" ind2=" "><marc:subfield code="a">Misintis, Bernardinus de,</marc:subfield><marc:subfield code="d">fl. 1492-1505,</marc:subfield><marc:subfield code="e">printer.</marc:subfield></marc:datafield><marc:datafield tag="752" ind1="1" ind2="0"><marc:subfield code="d">Brescia.</marc:subfield></marc:datafield><marc:datafield tag="856" ind1="4" ind2="1"><marc:subfield code="u">http://luna.folger.edu/luna/servlet/s/t09q0v</marc:subfield><marc:subfield code="z">Binding images and description for Folger Shakespeare Library INC P23</marc:subfield></marc:datafield><marc:datafield tag="950" ind1=" " ind2=" "><marc:subfield code="l">RARE</marc:subfield><marc:subfield code="h">07/28/95 C</marc:subfield></marc:datafield><marc:datafield tag="998" ind1=" " ind2=" "><marc:subfield code="a">08/17/95</marc:subfield><marc:subfield code="t">c</marc:subfield><marc:subfield code="s">9114</marc:subfield><marc:subfield code="n">DFo</marc:subfield><marc:subfield code="w">DCFG95B1850</marc:subfield><marc:subfield code="d">07/26/95</marc:subfield><marc:subfield code="c">ML</marc:subfield><marc:subfield code="b">MT</marc:subfield><marc:subfield code="l">DCFG</marc:subfield></marc:datafield></marc:record>