
<marc:record><marc:leader>02663cam a2200409 a 4500</marc:leader>
<marc:controlfield tag="001">89914</marc:controlfield>
<marc:controlfield tag="005">20120822095947.0</marc:controlfield><marc:controlfield tag="008">940628s1473    gw            000 0 lat d</marc:controlfield><marc:datafield tag="035" ind1=" " ind2=" "><marc:subfield code="9">DCFG94-B2565</marc:subfield></marc:datafield><marc:datafield tag="040" ind1=" " ind2=" "><marc:subfield code="a">DFo</marc:subfield><marc:subfield code="c">DFo</marc:subfield><marc:subfield code="e">dcrb</marc:subfield></marc:datafield><marc:datafield tag="090" ind1=" " ind2=" "><marc:subfield code="b">INC C159</marc:subfield><marc:subfield code="n">:SL Pencilled note on leaf b7v.</marc:subfield><marc:subfield code="f">cs848</marc:subfield><marc:subfield code="t">6̃50</marc:subfield><marc:subfield code="t">7̃40</marc:subfield><marc:subfield code="i">06/28/94 C</marc:subfield></marc:datafield><marc:datafield tag="100" ind1="1" ind2=" "><marc:subfield code="a">Caracciolo, Roberto,</marc:subfield><marc:subfield code="d">1425-1495.</marc:subfield></marc:datafield><marc:datafield tag="240" ind1="1" ind2="0"><marc:subfield code="a">Sermones quadragesimales de poenitentia</marc:subfield></marc:datafield><marc:datafield tag="245" ind1="1" ind2="0"><marc:subfield code="a">Sacre theologie m[a]g[ist]ri ... fratris Roberti de Litio ordi[ni]s Minoru[m] p[ro]fessoris Opus q[ua]dragesi[m]ale p[er]utilissi[mu]m q[uo]d de pe[n]ite[n]tia d[i]ct[u]m est felicit[er] incipit.</marc:subfield></marc:datafield><marc:datafield tag="246" ind1="3" ind2="3"><marc:subfield code="a">Opus q[ua]dragesi[m]ale p[er]utillissi[mu]m q[uo]d de pe[n]ite[n]tia d[i]ct[u]m est</marc:subfield></marc:datafield><marc:datafield tag="260" ind1=" " ind2=" "><marc:subfield code="a">[Cologne] :</marc:subfield><marc:subfield code="b">Dignus Agrippine ciuis Colhoff arte Iohannes clarum cudit opus caste faber ille minerue,</marc:subfield><marc:subfield code="c">[1473]</marc:subfield></marc:datafield><marc:datafield tag="300" ind1=" " ind2=" "><marc:subfield code="a">[580], [44] p. (the first [2] p. blank) ;</marc:subfield><marc:subfield code="c">29 cm. (fol.)</marc:subfield></marc:datafield><marc:datafield tag="500" ind1=" " ind2=" "><marc:subfield code="a">In 2 pts. (probably also sold separately), of which the 2nd (Sermo II in festo annuntiationis Beatae Virginis Mariae, Sermo de praedestinatio numero damnatorum, and Sermo de catenis) is also known in a variant setting.</marc:subfield></marc:datafield><marc:datafield tag="590" ind1=" " ind2=" "><marc:subfield code="a">Folger copy: pt. 1 only.</marc:subfield></marc:datafield><marc:datafield tag="500" ind1=" " ind2=" "><marc:subfield code="a">Title from incipit (leaf a3 signed a1).</marc:subfield></marc:datafield><marc:datafield tag="500" ind1=" " ind2=" "><marc:subfield code="a">Imprint from colophon in verse (leaf 2e10r), which gives date in Latin words: Mille quadri[n]genti dum sextuagintaq[ue] trini ...</marc:subfield></marc:datafield><marc:datafield tag="500" ind1=" " ind2=" "><marc:subfield code="a">Signatures: a-h¹⁰, I¹⁰, k-o¹⁰, pq¹⁰, r-z¹⁰, [et]¹⁰, [con]¹⁰, 2a-2e¹⁰ (a3, a4, a5 respectively signed a1, a2, a3) ; [2nd]a-[2nd]b⁸, [2nd]c⁶.</marc:subfield></marc:datafield><marc:datafield tag="500" ind1=" " ind2=" "><marc:subfield code="a">Capital spaces.</marc:subfield></marc:datafield><marc:datafield tag="510" ind1="4" ind2=" "><marc:subfield code="a">Goff</marc:subfield><marc:subfield code="c">C-173.</marc:subfield></marc:datafield><marc:datafield tag="510" ind1="4" ind2=" "><marc:subfield code="a">GW</marc:subfield><marc:subfield code="c">6069.</marc:subfield></marc:datafield><marc:datafield tag="510" ind1="4" ind2=" "><marc:subfield code="a">BM 15th cent.,</marc:subfield><marc:subfield code="c">I, p. 217 (IB.3454).</marc:subfield></marc:datafield><marc:datafield tag="590" ind1=" " ind2=" "><marc:subfield code="a">Folger copy: leaf a1, blank, lacking; leaf a2 (unsigned), damaged with loss of text, has been repaired, and margins have been replaced.</marc:subfield></marc:datafield><marc:datafield tag="590" ind1=" " ind2=" "><marc:subfield code="a">Larger initials provided in blue, the smaller ones in red throughout the book; 1st initial on leaf a3 (signed a1) in blue with red and brown penwork infill; underlining of titles, capital strokes and paragraph marks in red paint throughout; later ruling in magenta ink.</marc:subfield></marc:datafield><marc:datafield tag="590" ind1=" " ind2=" "><marc:subfield code="a">Pencilled inscription on leaf a2 &quot;Chas. Gregory London June 1906&quot;.</marc:subfield></marc:datafield><marc:datafield tag="650" ind1=" " ind2="0"><marc:subfield code="a">Sermons, Latin.</marc:subfield></marc:datafield><marc:datafield tag="650" ind1=" " ind2="0"><marc:subfield code="a">Penance</marc:subfield><marc:subfield code="v">Sermons.</marc:subfield></marc:datafield><marc:datafield tag="700" ind1="1" ind2=" "><marc:subfield code="a">Gregory, Charles,</marc:subfield><marc:subfield code="d">fl. 1906,</marc:subfield><marc:subfield code="e">former owner.</marc:subfield></marc:datafield><marc:datafield tag="700" ind1="1" ind2=" "><marc:subfield code="a">Koelhoff, Johann,</marc:subfield><marc:subfield code="d">d. 1493,</marc:subfield><marc:subfield code="e">printer.</marc:subfield></marc:datafield><marc:datafield tag="752" ind1="1" ind2="0"><marc:subfield code="d">Cologne.</marc:subfield></marc:datafield><marc:datafield tag="856" ind1="4" ind2="1"><marc:subfield code="u">http://luna.folger.edu/luna/servlet/s/bm0p6u</marc:subfield><marc:subfield code="z">Binding images and description for Folger Shakespeare Library INC C159</marc:subfield></marc:datafield><marc:datafield tag="950" ind1=" " ind2=" "><marc:subfield code="l">RARE</marc:subfield><marc:subfield code="i">06/28/94 C</marc:subfield></marc:datafield><marc:datafield tag="998" ind1=" " ind2=" "><marc:subfield code="a">06/28/94</marc:subfield><marc:subfield code="t">c</marc:subfield><marc:subfield code="s">9114</marc:subfield><marc:subfield code="n">DFo</marc:subfield><marc:subfield code="w">DCFG94B2565</marc:subfield><marc:subfield code="d">06/28/94</marc:subfield><marc:subfield code="c">ML</marc:subfield><marc:subfield code="b">MT</marc:subfield><marc:subfield code="l">DCFG</marc:subfield></marc:datafield></marc:record>