
<marc:record><marc:leader>03016cam a2200433 a 4500</marc:leader>
<marc:controlfield tag="001">90203</marc:controlfield>
<marc:controlfield tag="005">20110119170022.0</marc:controlfield><marc:controlfield tag="008">950119s1476    gw            001 0 lat d</marc:controlfield><marc:datafield tag="035" ind1=" " ind2=" "><marc:subfield code="9">DCFG95-B231</marc:subfield></marc:datafield><marc:datafield tag="040" ind1=" " ind2=" "><marc:subfield code="a">DFo</marc:subfield><marc:subfield code="c">DFo</marc:subfield><marc:subfield code="e">dcrb</marc:subfield><marc:subfield code="d">UtOrBLW</marc:subfield></marc:datafield><marc:datafield tag="090" ind1=" " ind2=" "><marc:subfield code="b">INC H258</marc:subfield><marc:subfield code="t">7̃40</marc:subfield><marc:subfield code="i">01/30/95 C</marc:subfield></marc:datafield><marc:datafield tag="100" ind1="1" ind2=" "><marc:subfield code="a">Holkot, Robertus,</marc:subfield><marc:subfield code="d">d. 1349.</marc:subfield></marc:datafield><marc:datafield tag="240" ind1="1" ind2="0"><marc:subfield code="a">Super sapientiam Salomonis</marc:subfield></marc:datafield><marc:datafield tag="245" ind1="1" ind2="0"><marc:subfield code="a">Opus p[rae]clarissimu[m] eximij d[o]m[ini] m[a]g[ist]ri Roperti Holkot sacre theologie moralissimi ... p[ro]fessoris ord[in]is Frat[rum] p[rae]dicato[rum] sup[er] sapientia[m] Salomonis ...</marc:subfield></marc:datafield><marc:datafield tag="260" ind1=" " ind2=" "><marc:subfield code="a">[Cologne :</marc:subfield><marc:subfield code="b">Conrad Winters,</marc:subfield><marc:subfield code="c">not after 1476]</marc:subfield></marc:datafield><marc:datafield tag="300" ind1=" " ind2=" "><marc:subfield code="a">[860] p. ;</marc:subfield><marc:subfield code="c">31 cm. (fol.)</marc:subfield></marc:datafield><marc:datafield tag="500" ind1=" " ind2=" "><marc:subfield code="a">Title from incipit (leaf A1r).</marc:subfield></marc:datafield><marc:datafield tag="500" ind1=" " ind2=" "><marc:subfield code="a">Imprint from Goff; date based on ownership note in copy at Mogiła C.</marc:subfield></marc:datafield><marc:datafield tag="500" ind1=" " ind2=" "><marc:subfield code="a">Signatures: [*]⁸, [**]¹⁰, A-O¹⁰, P¹², Q-V¹⁰, X⁸, a⁸, b-c¹⁰, d-e⁸, f¹⁰, g⁸, h-x¹⁰ (C5 signed A5, i4 signed i3, q2 signed b2).</marc:subfield></marc:datafield><marc:datafield tag="500" ind1=" " ind2=" "><marc:subfield code="a">Printed in 2 columns.</marc:subfield></marc:datafield><marc:datafield tag="500" ind1=" " ind2=" "><marc:subfield code="a">Capital spaces.</marc:subfield></marc:datafield><marc:datafield tag="500" ind1=" " ind2=" "><marc:subfield code="a">Leaves [*]1, [**]10, and x10 are blank.</marc:subfield></marc:datafield><marc:datafield tag="510" ind1="4" ind2=" "><marc:subfield code="a">Goff</marc:subfield><marc:subfield code="c">H-288.</marc:subfield></marc:datafield><marc:datafield tag="510" ind1="4" ind2=" "><marc:subfield code="a">Voulliéme, E. Buchdruck Kölns,</marc:subfield><marc:subfield code="c">588.</marc:subfield></marc:datafield><marc:datafield tag="510" ind1="4" ind2=" "><marc:subfield code="a">Hain-Copinger,</marc:subfield><marc:subfield code="c">8755*.</marc:subfield></marc:datafield><marc:datafield tag="510" ind1="4" ind2=" "><marc:subfield code="a">Polain</marc:subfield><marc:subfield code="c">1975.</marc:subfield></marc:datafield><marc:datafield tag="500" ind1=" " ind2=" "><marc:subfield code="a">Includes index.</marc:subfield></marc:datafield><marc:datafield tag="590" ind1=" " ind2=" "><marc:subfield code="a">Folger copy: leaves [*]1 and [**]10, blank, lacking.</marc:subfield></marc:datafield><marc:datafield tag="590" ind1=" " ind2=" "><marc:subfield code="a">Large initial provided in red and blue on leaf A1r; a few smaller initials in blue, most of them in red; capital strokes and some paragraph marks provided in red throughout the book; a note and numbering added in same paint on leaf O6r.</marc:subfield></marc:datafield><marc:datafield tag="590" ind1=" " ind2=" "><marc:subfield code="a">Finding manuscript notes throughout the book in brown ink, using trefoil markings and other signes-de-renvoi; a few corrections in text; numbering of &quot;lectiones&quot; added by hand as headline; manuscript numbering of leaves 19-429, reading &quot;1-413&quot;, with errors; 12 leaves of manuscript index, bound at beginning, refering to the marginal notes, and to the &quot;lectio&quot; and leaf numbers, with title: &quot;Registrũ Omeliaru[m] aut lectionũ holkot Super libros Sapiẽ&quot;, and dated at end&quot;: &quot;Anno dñi 1480. In die o[mn]i[u]m s[an]cto[rum] ...&quot;; sets of manuscript notes on verso of last leaf, with titles: &quot;Epitaphiũ Alexãdri de Halis&quot; and &quot;In libraria noua In bra[n]deberch [for Bamberg?] in vrbe [or orbe?]; bookplates of Georgius Kloss, and of W.T. Smedley; purchased in 1924.</marc:subfield></marc:datafield><marc:datafield tag="590" ind1=" " ind2=" "><marc:subfield code="a">In a later binding of which the cover spine has been reattached upside down; inscription on lower edge reading from spine to fore-edge: &quot;Holkot sr. libros sapiẽ.&quot;; repaired; in a tailored box.</marc:subfield></marc:datafield><marc:datafield tag="655" ind1=" " ind2="7"><marc:subfield code="a">Annotations (Provenance)</marc:subfield><marc:subfield code="2">rbprov</marc:subfield></marc:datafield><marc:datafield tag="740" ind1="0" ind2=" "><marc:subfield code="a">Opus super sapientiam Salomonis.</marc:subfield></marc:datafield><marc:datafield tag="700" ind1="1" ind2=" "><marc:subfield code="a">Kloss, Georg Franz Burkhard,</marc:subfield><marc:subfield code="d">1787-1854,</marc:subfield><marc:subfield code="e">former owner.</marc:subfield></marc:datafield><marc:datafield tag="700" ind1="1" ind2=" "><marc:subfield code="a">Smedley, William T.</marc:subfield><marc:subfield code="q">(William Thomas),</marc:subfield><marc:subfield code="d">b. 1851,</marc:subfield><marc:subfield code="e">former owner.</marc:subfield></marc:datafield><marc:datafield tag="700" ind1="1" ind2=" "><marc:subfield code="a">Winters, Conrad,</marc:subfield><marc:subfield code="d">fl. 1475-1482,</marc:subfield><marc:subfield code="e">printer.</marc:subfield></marc:datafield><marc:datafield tag="752" ind1="1" ind2="0"><marc:subfield code="d">Cologne.</marc:subfield></marc:datafield><marc:datafield tag="950" ind1=" " ind2=" "><marc:subfield code="l">RARE</marc:subfield><marc:subfield code="i">01/30/95 C</marc:subfield></marc:datafield><marc:datafield tag="998" ind1=" " ind2=" "><marc:subfield code="a">01/30/95</marc:subfield><marc:subfield code="t">c</marc:subfield><marc:subfield code="s">9114</marc:subfield><marc:subfield code="n">DFo</marc:subfield><marc:subfield code="w">DCFG95B231</marc:subfield><marc:subfield code="d">01/19/95</marc:subfield><marc:subfield code="c">ML</marc:subfield><marc:subfield code="b">MT</marc:subfield><marc:subfield code="l">DCFG</marc:subfield></marc:datafield></marc:record>