
<marc:record><marc:leader>02986cam a2200457 a 4500</marc:leader>
<marc:controlfield tag="001">91158</marc:controlfield>
<marc:controlfield tag="005">20120822114952.0</marc:controlfield><marc:controlfield tag="008">960523s1476    gw            000 0 lat d</marc:controlfield><marc:datafield tag="035" ind1=" " ind2=" "><marc:subfield code="9">DCFG96-B1065</marc:subfield></marc:datafield><marc:datafield tag="035" ind1=" " ind2=" "><marc:subfield code="a">91158</marc:subfield></marc:datafield><marc:datafield tag="040" ind1=" " ind2=" "><marc:subfield code="a">DFo</marc:subfield><marc:subfield code="c">DFo</marc:subfield><marc:subfield code="e">dcrb</marc:subfield></marc:datafield><marc:datafield tag="090" ind1=" " ind2=" "><marc:subfield code="b">\INC\J77</marc:subfield><marc:subfield code="i">06/06/96 C</marc:subfield></marc:datafield><marc:datafield tag="240" ind1="1" ind2="0"><marc:subfield code="a">Legenda aurea</marc:subfield></marc:datafield><marc:datafield tag="245" ind1="1" ind2="0"><marc:subfield code="a">Incipit Legenda S[an]c[t]o[rum] aurea q[uae] alio no[m]i[n]e d[e] hystoria Longobardica ...</marc:subfield></marc:datafield><marc:datafield tag="246" ind1="3" ind2="0"><marc:subfield code="a">Legenda S[an]c[t]o[rum] aurea</marc:subfield></marc:datafield><marc:datafield tag="246" ind1="3" ind2=" "><marc:subfield code="a">Legenda aurea Sanctorum, sive Lombardica historia</marc:subfield></marc:datafield><marc:datafield tag="260" ind1=" " ind2=" "><marc:subfield code="a">[Cologne] :</marc:subfield><marc:subfield code="b">Per me Conradum de Hoemborch ...,</marc:subfield><marc:subfield code="c">anno D[omi]ni [1476] feria sexta ante Martini Episcopi [8 Nov.] ...</marc:subfield></marc:datafield><marc:datafield tag="300" ind1=" " ind2=" "><marc:subfield code="a">[744] p. (the first [2] p. blank) ;</marc:subfield><marc:subfield code="c">30 cm. (fol.)</marc:subfield></marc:datafield><marc:datafield tag="500" ind1=" " ind2=" "><marc:subfield code="a">Title from incipit (leaf [a]3v).</marc:subfield></marc:datafield><marc:datafield tag="500" ind1=" " ind2=" "><marc:subfield code="a">Imprint from colophon (leaf [Q]12r) which gives date of publication in Latin words; Konrad Winters was active in Cologne.</marc:subfield></marc:datafield><marc:datafield tag="500" ind1=" " ind2=" "><marc:subfield code="a">Signatures: [a-e]¹⁰, [f-i]⁸, [k-z]¹⁰, [A-F]¹⁰, [G]⁸, [H-I]¹⁰, [K]⁶, [L]⁸, [M]¹⁰, [N-O]⁸, [P]¹⁰, [Q]¹².</marc:subfield></marc:datafield><marc:datafield tag="500" ind1=" " ind2=" "><marc:subfield code="a">Printed in 2 columns.</marc:subfield></marc:datafield><marc:datafield tag="500" ind1=" " ind2=" "><marc:subfield code="a">Capital spaces.</marc:subfield></marc:datafield><marc:datafield tag="590" ind1=" " ind2=" "><marc:subfield code="a">Folger copy: leaves [z]1 and [z]10 left blank by printer.</marc:subfield></marc:datafield><marc:datafield tag="510" ind1="4" ind2=" "><marc:subfield code="a">Goff</marc:subfield><marc:subfield code="c">J-86.</marc:subfield></marc:datafield><marc:datafield tag="510" ind1="4" ind2=" "><marc:subfield code="a">Polain</marc:subfield><marc:subfield code="c">2186.</marc:subfield></marc:datafield><marc:datafield tag="510" ind1="4" ind2=" "><marc:subfield code="a">Voulliéme, E. Buchdruck Kölns,</marc:subfield><marc:subfield code="c">617.</marc:subfield></marc:datafield><marc:datafield tag="590" ind1=" " ind2=" "><marc:subfield code="a">Folger copy lacks leaf [a]1, blank, and leaves [u]1 and [u]10; on leaves [z]1 and [z]10, left blank, text has been supplied by hand (watermarks show these leaves are originally part of the book); all leaves washed and bleached, causing brittling of paper, some loss of printed text, of all manuscript annotations and of handwritten text.</marc:subfield></marc:datafield><marc:datafield tag="590" ind1=" " ind2=" "><marc:subfield code="a">Initials, paragraph marks, and capital strokes provided in red throughout; 2 notes in same paint on leaf [a]2r.</marc:subfield></marc:datafield><marc:datafield tag="590" ind1=" " ind2=" "><marc:subfield code="a">Extensive manuscript notes of commentary with fists and brackets in several hands, illegible from bleaching of leaves.</marc:subfield></marc:datafield><marc:datafield tag="590" ind1=" " ind2=" "><marc:subfield code="a">Coat of arms of Charles Spencer, 3rd Earl Sunderland on binding, and shelfmark &quot;KK.3.112&quot; of the Sunderland library at head of front flyleaf and on leaf [a]2r (no. 13297 in the Puttick and Simpson sale catalog, 1883); bookplate of W.T. Smedley; purchased in 1924.</marc:subfield></marc:datafield><marc:datafield tag="590" ind1=" " ind2=" "><marc:subfield code="a">In an eighteenth century calf binding with the arms of Charles Spencer, Earl of Sunderland gold tooled on both covers; evidence of finding tabs on leaves [a]3, [M]1, and [Q]10; edges stained red.</marc:subfield></marc:datafield><marc:datafield tag="650" ind1=" " ind2="0"><marc:subfield code="a">Saints</marc:subfield><marc:subfield code="v">Legends.</marc:subfield></marc:datafield><marc:datafield tag="710" ind1="2" ind2=" "><marc:subfield code="a">Blenheim Palace (Blenheim, England).</marc:subfield><marc:subfield code="b">Sunderland library,</marc:subfield><marc:subfield code="e">former owner.</marc:subfield></marc:datafield><marc:datafield tag="700" ind1="1" ind2=" "><marc:subfield code="a">Smedley, W. T.</marc:subfield><marc:subfield code="q">(William Thomas),</marc:subfield><marc:subfield code="d">1858-1920,</marc:subfield><marc:subfield code="e">former owner.</marc:subfield></marc:datafield><marc:datafield tag="700" ind1="1" ind2=" "><marc:subfield code="a">Winters, Conrad,</marc:subfield><marc:subfield code="d">fl. 1475-1482,</marc:subfield><marc:subfield code="e">printer.</marc:subfield></marc:datafield><marc:datafield tag="752" ind1=" " ind2=" "><marc:subfield code="a">Germany</marc:subfield><marc:subfield code="d">Cologne.</marc:subfield></marc:datafield><marc:datafield tag="100" ind1="0" ind2=" "><marc:subfield code="a">Jacobus,</marc:subfield><marc:subfield code="c">de Voragine,</marc:subfield><marc:subfield code="d">ca. 1229-1298.</marc:subfield></marc:datafield><marc:datafield tag="856" ind1="4" ind2="1"><marc:subfield code="u">http://luna.folger.edu/luna/servlet/s/q59l4t</marc:subfield><marc:subfield code="z">Binding images and description for Folger Shakespeare Library INC J77</marc:subfield></marc:datafield><marc:datafield tag="950" ind1=" " ind2=" "><marc:subfield code="l">RARE</marc:subfield><marc:subfield code="i">06/06/96 C</marc:subfield></marc:datafield><marc:datafield tag="998" ind1=" " ind2=" "><marc:subfield code="a">06/06/96</marc:subfield><marc:subfield code="t">c</marc:subfield><marc:subfield code="s">9114</marc:subfield><marc:subfield code="n">DFo</marc:subfield><marc:subfield code="w">DCFG96B1065</marc:subfield><marc:subfield code="d">05/23/96</marc:subfield><marc:subfield code="c">ML</marc:subfield><marc:subfield code="b">ML</marc:subfield><marc:subfield code="l">DCFG</marc:subfield></marc:datafield></marc:record>