
<marc:record><marc:leader>04167cam a2200577 a 4500</marc:leader>
<marc:controlfield tag="001">90308</marc:controlfield>
<marc:controlfield tag="005">20120822120946.0</marc:controlfield><marc:controlfield tag="008">950710s1483    gw            001 0 lat  </marc:controlfield><marc:datafield tag="010" ind1=" " ind2=" "><marc:subfield code="a">   88138613 </marc:subfield></marc:datafield><marc:datafield tag="035" ind1=" " ind2=" "><marc:subfield code="9">DCFG95-B1760</marc:subfield></marc:datafield><marc:datafield tag="040" ind1=" " ind2=" "><marc:subfield code="a">DLC</marc:subfield><marc:subfield code="c">DLC</marc:subfield><marc:subfield code="d">DLC</marc:subfield><marc:subfield code="d">DFo</marc:subfield><marc:subfield code="d">UtOrBLW</marc:subfield></marc:datafield><marc:datafield tag="050" ind1="0" ind2="0"><marc:subfield code="a">Incun. 1483</marc:subfield><marc:subfield code="b">.N5</marc:subfield></marc:datafield><marc:datafield tag="090" ind1=" " ind2=" "><marc:subfield code="b">INC N51</marc:subfield><marc:subfield code="t">6̃50</marc:subfield><marc:subfield code="t">7̃00-1</marc:subfield><marc:subfield code="t">7̃40</marc:subfield><marc:subfield code="t">7̃55</marc:subfield><marc:subfield code="i">08/04/95 N</marc:subfield><marc:subfield code="h">07/28/95 C</marc:subfield></marc:datafield><marc:datafield tag="240" ind1="1" ind2="0"><marc:subfield code="a">Supplementum Summae Pisanellae</marc:subfield></marc:datafield><marc:datafield tag="245" ind1="1" ind2="0"><marc:subfield code="a">Summa Pisani cum Supplemento incipit feliciter, que al[ia]s Magistrutia seu Pisanella appellatur.</marc:subfield></marc:datafield><marc:datafield tag="260" ind1=" " ind2=" "><marc:subfield code="a">[Cologne :</marc:subfield><marc:subfield code="b">Ulrich Zell],</marc:subfield><marc:subfield code="c">1483 Nona Kal[endas] Marcij [21 Feb.]</marc:subfield></marc:datafield><marc:datafield tag="300" ind1=" " ind2=" "><marc:subfield code="a">[1], CCCLiij leaves ;</marc:subfield><marc:subfield code="c">31 cm. (fol.)</marc:subfield></marc:datafield><marc:datafield tag="500" ind1=" " ind2=" "><marc:subfield code="a">An enlargement, completed by Nicholas of Osimo in 1444, of the Summa de casibus conscientiae by Bartholomew of San Concordio. Arranged alphabetically by topic, with the supplementary text everywhere preceded by the letter A.</marc:subfield></marc:datafield><marc:datafield tag="500" ind1=" " ind2=" "><marc:subfield code="a">Title from caption on leaf a2r.</marc:subfield></marc:datafield><marc:datafield tag="500" ind1=" " ind2=" "><marc:subfield code="a">Nicholas is named on leaf CCCXXXviija.</marc:subfield></marc:datafield><marc:datafield tag="500" ind1=" " ind2=" "><marc:subfield code="a">Imprint date from colophon (leaf CCCXLib).</marc:subfield></marc:datafield><marc:datafield tag="500" ind1=" " ind2=" "><marc:subfield code="a">Each folio number is printed both on the recto of its leaf and on the verso of the preceding leaf.</marc:subfield></marc:datafield><marc:datafield tag="500" ind1=" " ind2=" "><marc:subfield code="a">Signatures: a-z⁸, A-T⁸, V-Y⁶.</marc:subfield></marc:datafield><marc:datafield tag="500" ind1=" " ind2=" "><marc:subfield code="a">Capital spaces, some with guide letters.</marc:subfield></marc:datafield><marc:datafield tag="500" ind1=" " ind2=" "><marc:subfield code="a">Printed in 2 columns.</marc:subfield></marc:datafield><marc:datafield tag="510" ind1="4" ind2=" "><marc:subfield code="a">Goff</marc:subfield><marc:subfield code="c">N-65.</marc:subfield></marc:datafield><marc:datafield tag="510" ind1="4" ind2=" "><marc:subfield code="a">BM 15th cent.,</marc:subfield><marc:subfield code="c">I, p. 197 (IB.3033).</marc:subfield></marc:datafield><marc:datafield tag="510" ind1="4" ind2=" "><marc:subfield code="a">Hain-Copinger</marc:subfield><marc:subfield code="c">2149.</marc:subfield></marc:datafield><marc:datafield tag="510" ind1="4" ind2=" "><marc:subfield code="a">Copinger</marc:subfield><marc:subfield code="c">785.</marc:subfield></marc:datafield><marc:datafield tag="500" ind1=" " ind2=" "><marc:subfield code="a">Table of abbreviations: leaf [1]b; tables of chapters and rubrics: leaves: CCCXXXviijb-CCCLa.</marc:subfield></marc:datafield><marc:datafield tag="500" ind1=" " ind2=" "><marc:subfield code="a">Canones poenitentiales (by Astesano): leaves CCCLa-CCCLiija.</marc:subfield></marc:datafield><marc:datafield tag="590" ind1=" " ind2=" "><marc:subfield code="a">Folger copy: leaves i4-i5, lacking, provided in manuscript; leaves c3 and c4 misbound, reading: c1, c2, c4, c3, c6, c5, c7, c8.</marc:subfield></marc:datafield><marc:datafield tag="590" ind1=" " ind2=" "><marc:subfield code="a">Large initial on leaf a2r in blue with red penwork infill and some yellow, and margin extension; 1st initial of each alphabet letter through the book in blue paint, smaller ones in red; paragraph marks, capital strokes and underlining in red throughout the book, including the manuscript parts; mnemonic numbering in margins, a few finding notes and nota markings in same red paint (a few notes in same hand are in brown ink or lead); a few guide letters provided in same red paint.</marc:subfield></marc:datafield><marc:datafield tag="590" ind1=" " ind2=" "><marc:subfield code="a">Manuscript proem on recto of 1st leaf reading: &quot;[in red] P[ro]hemiũ reuerendi p[at]ris f[rat]ris b[ar]tholomei de s[an]c[t]o [con]cordio ord[in]is fr[atru]m p[rae]dicatoru[m] de pisis. [in black] Qvonia[m] ut ait gregorius sup[er] ezechiele[m] nullu[m] o[mn]ipotenti deo tale sacrificiu[m] est ..&quot; in same hand as manuscript text on replacement leaves i4 and i5.</marc:subfield></marc:datafield><marc:datafield tag="590" ind1=" " ind2=" "><marc:subfield code="a">Bookplate bearing bibliographic notes, of John William Pease (no. 140 in the Sotheby sale catalog of his library, March 1920); bookplate of W.T. Smedley; purchased in 1924.</marc:subfield></marc:datafield><marc:datafield tag="590" ind1=" " ind2=" "><marc:subfield code="a">Rebound in early 20th century, retaining original blind stamped calf covers (probably German) over new wooden boards; front cover bears triple-fillet borders and juxtaposition of small square stamps in central panel (unicorn, lamb, stag stamps); on back cover 4 stamps in a lozenge (unicorn, lamb, stag, and a hound); evidence of 5 circular bosses on both covers and of 2 clasps on fore-edge; edges trimmed and gilt.</marc:subfield></marc:datafield><marc:datafield tag="650" ind1=" " ind2="0"><marc:subfield code="a">Canon law.</marc:subfield></marc:datafield><marc:datafield tag="655" ind1=" " ind2="7"><marc:subfield code="a">Annotations (Provenance)</marc:subfield><marc:subfield code="2">rbprov</marc:subfield></marc:datafield><marc:datafield tag="655" ind1=" " ind2="7"><marc:subfield code="a">Calf bindings (Binding)</marc:subfield><marc:subfield code="z">Germany</marc:subfield><marc:subfield code="y">15th century.</marc:subfield><marc:subfield code="2">rbbin</marc:subfield></marc:datafield><marc:datafield tag="740" ind1="0" ind2=" "><marc:subfield code="a">Canones poenitentiales.</marc:subfield></marc:datafield><marc:datafield tag="740" ind1="0" ind2=" "><marc:subfield code="a">Supplementum.</marc:subfield></marc:datafield><marc:datafield tag="700" ind1="1" ind2=" "><marc:subfield code="a">Pease, John William,</marc:subfield><marc:subfield code="d">1834-1901,</marc:subfield><marc:subfield code="e">former owner.</marc:subfield></marc:datafield><marc:datafield tag="700" ind1="1" ind2=" "><marc:subfield code="a">Smedley, William T.</marc:subfield><marc:subfield code="q">(William Thomas),</marc:subfield><marc:subfield code="d">b. 1851,</marc:subfield><marc:subfield code="e">former owner.</marc:subfield></marc:datafield><marc:datafield tag="700" ind1="1" ind2=" "><marc:subfield code="a">Zell, Ulrich,</marc:subfield><marc:subfield code="d">d. 1503,</marc:subfield><marc:subfield code="e">printer.</marc:subfield></marc:datafield><marc:datafield tag="752" ind1="1" ind2="0"><marc:subfield code="d">Cologne.</marc:subfield></marc:datafield><marc:datafield tag="100" ind1="0" ind2=" "><marc:subfield code="a">Nicholas,</marc:subfield><marc:subfield code="c">of Osimo,</marc:subfield><marc:subfield code="d">d. 1453.</marc:subfield></marc:datafield><marc:datafield tag="700" ind1="0" ind2=" "><marc:subfield code="a">Bartholomew,</marc:subfield><marc:subfield code="c">of San Concordio,</marc:subfield><marc:subfield code="d">1262-1347.</marc:subfield><marc:subfield code="t">Summa de casibus conscientiae.</marc:subfield></marc:datafield><marc:datafield tag="700" ind1="0" ind2="2"><marc:subfield code="a">Astesano,</marc:subfield><marc:subfield code="d">d. 1330?</marc:subfield><marc:subfield code="t">Canones poenitentiales.</marc:subfield><marc:subfield code="f">1483.</marc:subfield></marc:datafield><marc:datafield tag="856" ind1="4" ind2="1"><marc:subfield code="u">http://luna.folger.edu/luna/servlet/s/l1xr33</marc:subfield><marc:subfield code="z">Binding images and description for Folger Shakespeare Library INC N51</marc:subfield></marc:datafield><marc:datafield tag="950" ind1=" " ind2=" "><marc:subfield code="l">RARE</marc:subfield><marc:subfield code="h">07/28/95 C</marc:subfield></marc:datafield><marc:datafield tag="998" ind1=" " ind2=" "><marc:subfield code="a">08/04/95</marc:subfield><marc:subfield code="t">c</marc:subfield><marc:subfield code="s">9110</marc:subfield><marc:subfield code="n">DFo</marc:subfield><marc:subfield code="w">DCLC88138613B</marc:subfield><marc:subfield code="d">07/10/95</marc:subfield><marc:subfield code="c">ML</marc:subfield><marc:subfield code="b">MT</marc:subfield><marc:subfield code="l">DCFG</marc:subfield></marc:datafield></marc:record>