
<marc:record><marc:leader>03026cam a2200505 a 4500</marc:leader>
<marc:controlfield tag="001">90051</marc:controlfield>
<marc:controlfield tag="005">20110119170017.0</marc:controlfield><marc:controlfield tag="008">941021s1496    gw            000 0 lat d</marc:controlfield><marc:datafield tag="035" ind1=" " ind2=" "><marc:subfield code="9">DCFG94-B3254</marc:subfield></marc:datafield><marc:datafield tag="040" ind1=" " ind2=" "><marc:subfield code="a">*RELICS*</marc:subfield><marc:subfield code="c">MiU</marc:subfield><marc:subfield code="d">MiU</marc:subfield><marc:subfield code="d">DFo</marc:subfield><marc:subfield code="e">dcrb</marc:subfield><marc:subfield code="d">UtOrBLW</marc:subfield></marc:datafield><marc:datafield tag="090" ind1=" " ind2=" "><marc:subfield code="b">INC S414</marc:subfield><marc:subfield code="t">6̃10</marc:subfield><marc:subfield code="t">6̃50</marc:subfield><marc:subfield code="t">6̃90</marc:subfield><marc:subfield code="t">7̃40</marc:subfield><marc:subfield code="t">7̃96-1</marc:subfield><marc:subfield code="t">7̃96-2</marc:subfield><marc:subfield code="i">05/09/95 X</marc:subfield><marc:subfield code="h">10/28/94 C</marc:subfield></marc:datafield><marc:datafield tag="110" ind1="2" ind2=" "><marc:subfield code="a">Catholic Church.</marc:subfield></marc:datafield><marc:datafield tag="240" ind1="1" ind2="0"><marc:subfield code="a">Sequentiary</marc:subfield></marc:datafield><marc:datafield tag="245" ind1="1" ind2="0"><marc:subfield code="a">Textus seque[n]tiaru[m] cu[m] optimo comme[n]to.</marc:subfield></marc:datafield><marc:datafield tag="260" ind1=" " ind2=" "><marc:subfield code="a">[Cologne :</marc:subfield><marc:subfield code="b">Heinrich Quentel,</marc:subfield><marc:subfield code="c">1496]</marc:subfield></marc:datafield><marc:datafield tag="300" ind1=" " ind2=" "><marc:subfield code="a">Cxxxiij, [13] leaves ;</marc:subfield><marc:subfield code="c">20 cm. (4to)</marc:subfield></marc:datafield><marc:datafield tag="500" ind1=" " ind2=" "><marc:subfield code="a">Probably printed consecutively with the Expositio Hymnorum.</marc:subfield></marc:datafield><marc:datafield tag="500" ind1=" " ind2=" "><marc:subfield code="a">Sequences on the Nativity, St. Stephan, St. John, the Innocents, the Epiphany, St. Paul, the Purification of BVM, the Resurrection.</marc:subfield></marc:datafield><marc:datafield tag="500" ind1=" " ind2=" "><marc:subfield code="a">Commentary by Hermannus Torrentinus.</marc:subfield></marc:datafield><marc:datafield tag="500" ind1=" " ind2=" "><marc:subfield code="a">Imprint from Goff.</marc:subfield></marc:datafield><marc:datafield tag="500" ind1=" " ind2=" "><marc:subfield code="a">Signatures: a⁸, b-c⁶, d⁸, e-f⁶, g⁸, h-i⁶, k⁸, l-m⁶, n⁸, o-p⁶, q⁸, r-t⁶, v⁸, x-y⁶.</marc:subfield></marc:datafield><marc:datafield tag="500" ind1=" " ind2=" "><marc:subfield code="a">Text followed by commentary.</marc:subfield></marc:datafield><marc:datafield tag="500" ind1=" " ind2=" "><marc:subfield code="a">Capital spaces.</marc:subfield></marc:datafield><marc:datafield tag="500" ind1=" " ind2=" "><marc:subfield code="a">Woodcut on t.p. depicting a teacher with 4 students.</marc:subfield></marc:datafield><marc:datafield tag="510" ind1="4" ind2=" "><marc:subfield code="a">Goff</marc:subfield><marc:subfield code="c">S-459.</marc:subfield></marc:datafield><marc:datafield tag="510" ind1="4" ind2=" "><marc:subfield code="a">BM 15th cent.,</marc:subfield><marc:subfield code="c">I, p. 286 (IA.4913).</marc:subfield></marc:datafield><marc:datafield tag="510" ind1="4" ind2=" "><marc:subfield code="a">Pellechet,</marc:subfield><marc:subfield code="c">4688.</marc:subfield></marc:datafield><marc:datafield tag="510" ind1="4" ind2=" "><marc:subfield code="a">Vouilléme, E. Buchdrucks Kölns,</marc:subfield><marc:subfield code="c">1081.</marc:subfield></marc:datafield><marc:datafield tag="590" ind1=" " ind2=" "><marc:subfield code="a">Folger copy: leaf a1 (t.p.) cut away (description from BM 15th cent.); edges trimmed, affecting the manuscript notes.</marc:subfield></marc:datafield><marc:datafield tag="590" ind1=" " ind2=" "><marc:subfield code="a">Rubrication in most pts. (as in the 3 other items bound in the vol.) of initials, underlining of headings and sentences, paragraph marks, capital strokes, and a note in same red paint.</marc:subfield></marc:datafield><marc:datafield tag="590" ind1=" " ind2=" "><marc:subfield code="a">Early manuscript notes in brown ink in several hands, one of them (and the rubricator's) being Johann Velchauer's whose mark of ownership appears at the end of the last item in the vol.; finding notes, numbering, fists, markings and a few initials in black ink, in another hand (annotations dated 1548 in the last item).</marc:subfield></marc:datafield><marc:datafield tag="590" ind1=" " ind2=" "><marc:subfield code="a">Several ownership inscriptions defaced at the end of the 4th item in the vol., one of them of Johann Velchauer with price and date 1515(?); W.T. Smedley copy; purchased in 1924.</marc:subfield></marc:datafield><marc:datafield tag="590" ind1=" " ind2=" "><marc:subfield code="a">Evidence of a leather tab on leaf a2 from leaf a1 (lacking); repaired.</marc:subfield></marc:datafield><marc:datafield tag="590" ind1=" " ind2=" "><marc:subfield code="a">With: Guillermus, Parisienses. Postilla Guillerini sup[er] Epistolas et Euangelia de tempore et Sanctis et pro defunctis. Impressa Colon[iae] : P[er] me Henricu[m] Quentell, anno [Christ]i 1497.</marc:subfield></marc:datafield><marc:datafield tag="610" ind1="2" ind2="0"><marc:subfield code="a">Catholic Church</marc:subfield><marc:subfield code="x">Liturgy</marc:subfield><marc:subfield code="v">Texts.</marc:subfield></marc:datafield><marc:datafield tag="650" ind1=" " ind2="0"><marc:subfield code="a">Sequences (Liturgy)</marc:subfield></marc:datafield><marc:datafield tag="655" ind1=" " ind2="7"><marc:subfield code="a">Annotations (Provenance)</marc:subfield><marc:subfield code="2">rbprov</marc:subfield></marc:datafield><marc:datafield tag="700" ind1="1" ind2=" "><marc:subfield code="a">Torrentinus, H.</marc:subfield><marc:subfield code="q">(Hermannus),</marc:subfield><marc:subfield code="d">d. 1520.</marc:subfield></marc:datafield><marc:datafield tag="740" ind1="0" ind2=" "><marc:subfield code="a">Sequentiae.</marc:subfield></marc:datafield><marc:datafield tag="700" ind1="1" ind2=" "><marc:subfield code="a">Smedley, William T.</marc:subfield><marc:subfield code="q">(William Thomas),</marc:subfield><marc:subfield code="d">b. 1851,</marc:subfield><marc:subfield code="e">former owner.</marc:subfield></marc:datafield><marc:datafield tag="700" ind1="1" ind2=" "><marc:subfield code="a">Velchauer, Johann,</marc:subfield><marc:subfield code="d">fl. 1515?,</marc:subfield><marc:subfield code="e">former owner.</marc:subfield></marc:datafield><marc:datafield tag="700" ind1="1" ind2=" "><marc:subfield code="a">Quentell, Heinrich,</marc:subfield><marc:subfield code="d">d. 1501,</marc:subfield><marc:subfield code="e">printer.</marc:subfield></marc:datafield><marc:datafield tag="752" ind1="1" ind2="0"><marc:subfield code="d">Cologne.</marc:subfield></marc:datafield><marc:datafield tag="950" ind1=" " ind2=" "><marc:subfield code="l">RARE</marc:subfield><marc:subfield code="e">Bd.w. INC G636</marc:subfield><marc:subfield code="h">10/28/94 C</marc:subfield></marc:datafield><marc:datafield tag="998" ind1=" " ind2=" "><marc:subfield code="a">05/09/95</marc:subfield><marc:subfield code="t">c</marc:subfield><marc:subfield code="s">9114</marc:subfield><marc:subfield code="n">DFo</marc:subfield><marc:subfield code="w">DCFG94B3254</marc:subfield><marc:subfield code="d">10/21/94</marc:subfield><marc:subfield code="c">ML</marc:subfield><marc:subfield code="b">MT</marc:subfield><marc:subfield code="l">DCFG</marc:subfield></marc:datafield></marc:record>