
<marc:record><marc:leader>03096cam a2200541   4500</marc:leader>
<marc:controlfield tag="001">163476</marc:controlfield>
<marc:controlfield tag="005">20110119173415.0</marc:controlfield><marc:controlfield tag="008">910925s1492    enk||||       00| ||eng d</marc:controlfield><marc:datafield tag="035" ind1=" " ind2=" "><marc:subfield code="9">ESTCS109662</marc:subfield></marc:datafield><marc:datafield tag="035" ind1=" " ind2=" "><marc:subfield code="a">163476</marc:subfield></marc:datafield><marc:datafield tag="040" ind1=" " ind2=" "><marc:subfield code="a">Cu-RivES</marc:subfield><marc:subfield code="c">Cu-RivES</marc:subfield><marc:subfield code="d">CStRLIN</marc:subfield><marc:subfield code="e">dcrb</marc:subfield><marc:subfield code="d">UtOrBLW</marc:subfield></marc:datafield><marc:datafield tag="090" ind1=" " ind2=" "><marc:subfield code="h">08/01/96 T</marc:subfield></marc:datafield><marc:datafield tag="240" ind1="1" ind2="0"><marc:subfield code="a">Vita di S. Catarina da Siena.</marc:subfield><marc:subfield code="l">English</marc:subfield></marc:datafield><marc:datafield tag="245" ind1="1" ind2="0"><marc:subfield code="a">Here begynneth the lyf of saint katherin of senis the blessid virgin</marc:subfield></marc:datafield><marc:datafield tag="246" ind1="3" ind2=" "><marc:subfield code="a">Vita di S. Catarina da Siena</marc:subfield></marc:datafield><marc:datafield tag="246" ind1="3" ind2=" "><marc:subfield code="a">Item of the synguler maner of lyuinge</marc:subfield></marc:datafield><marc:datafield tag="246" ind1="3" ind2=" "><marc:subfield code="a">Item of the synguler maner of lyvinge</marc:subfield></marc:datafield><marc:datafield tag="260" ind1=" " ind2=" "><marc:subfield code="a">[Emprynted at westemynster :</marc:subfield><marc:subfield code="b">By Wynkyn de worde,</marc:subfield><marc:subfield code="c">[1492?]]</marc:subfield></marc:datafield><marc:datafield tag="300" ind1=" " ind2=" "><marc:subfield code="a">[192] p. ;</marc:subfield><marc:subfield code="c">2⁰.</marc:subfield></marc:datafield><marc:datafield tag="500" ind1=" " ind2=" "><marc:subfield code="a">A translation of a Latin version of: Raymond of Capua. Vita di S. Catarina da Siena.</marc:subfield></marc:datafield><marc:datafield tag="500" ind1=" " ind2=" "><marc:subfield code="a">Caption title.</marc:subfield></marc:datafield><marc:datafield tag="500" ind1=" " ind2=" "><marc:subfield code="a">Printer's name from colophon; publication date conjectured by STC.</marc:subfield></marc:datafield><marc:datafield tag="500" ind1=" " ind2=" "><marc:subfield code="a">Signatures: a⁸ b-p⁶ q⁴.</marc:subfield></marc:datafield><marc:datafield tag="500" ind1=" " ind2=" "><marc:subfield code="a">Secundo folio: Item of the synguler maner of lyuinge ..</marc:subfield></marc:datafield><marc:datafield tag="500" ind1=" " ind2=" "><marc:subfield code="a">&quot;Here beginnen the reuelacio[n]s of Saynt Elysabeth the kynges doughter of hungarye,&quot;, caption title, p5v. It is a translation of the &quot;Revelationes Sanctae Elizabethae Hungariae&quot;, sometimes attributed to Saint Elizabeth of Hungary or to Elizabeth of Toess, and misattributed to Jacobus Montanus (see Halkett &amp; Laing (3rd ed., 1980), p. 94 and &quot;The Library&quot; 14 (March 1992), p. 1-11).</marc:subfield></marc:datafield><marc:datafield tag="500" ind1=" " ind2=" "><marc:subfield code="a">Colophon begins &quot;Here enden the reuelacions of saynt Elysabeth the kynges doughter of hungarye ..&quot;. For a later issue see STC 24766.3.</marc:subfield></marc:datafield><marc:datafield tag="500" ind1=" " ind2=" "><marc:subfield code="a">Identified as STC 24768 in UMI microfilm reel guide.</marc:subfield></marc:datafield><marc:datafield tag="509" ind1=" " ind2=" "><marc:subfield code="a">rpm 08/01/96</marc:subfield></marc:datafield><marc:datafield tag="510" ind1="4" ind2=" "><marc:subfield code="a">STC (2nd ed.),</marc:subfield><marc:subfield code="c">24766</marc:subfield></marc:datafield><marc:datafield tag="510" ind1="4" ind2=" "><marc:subfield code="a">Duff,</marc:subfield><marc:subfield code="c">403</marc:subfield></marc:datafield><marc:datafield tag="510" ind1="4" ind2=" "><marc:subfield code="a">Hain-Copinger,</marc:subfield><marc:subfield code="c">4702</marc:subfield></marc:datafield><marc:datafield tag="510" ind1="4" ind2=" "><marc:subfield code="a">ESTC (RLIN)</marc:subfield><marc:subfield code="c">S109662</marc:subfield></marc:datafield><marc:datafield tag="539" ind1=" " ind2=" "><marc:subfield code="a">L.</marc:subfield></marc:datafield><marc:datafield tag="655" ind1=" " ind2="7"><marc:subfield code="a">Annotations (Provenance)</marc:subfield><marc:subfield code="2">rbprov</marc:subfield></marc:datafield><marc:datafield tag="700" ind1="1" ind2=" "><marc:subfield code="a">Worde, Wynkyn de,</marc:subfield><marc:subfield code="d">d. 1534?,</marc:subfield><marc:subfield code="e">printer.</marc:subfield></marc:datafield><marc:datafield tag="700" ind1="1" ind2=" "><marc:subfield code="a">Harmsworth, R. Leicester</marc:subfield><marc:subfield code="q">(Robert Leicester),</marc:subfield><marc:subfield code="c">Sir,</marc:subfield><marc:subfield code="d">1870-1937,</marc:subfield><marc:subfield code="e">former owner.</marc:subfield><marc:subfield code="5">DFo</marc:subfield></marc:datafield><marc:datafield tag="730" ind1="0" ind2=" "><marc:subfield code="a">Revelationes Sanctae Elizabethae Hungariae.</marc:subfield><marc:subfield code="l">English.</marc:subfield></marc:datafield><marc:datafield tag="852" ind1=" " ind2=" "><marc:subfield code="a">DFo</marc:subfield><marc:subfield code="h">STC 24766</marc:subfield><marc:subfield code="8">1</marc:subfield></marc:datafield><marc:datafield tag="859" ind1=" " ind2=" "><marc:subfield code="p">N</marc:subfield><marc:subfield code="r">N</marc:subfield><marc:subfield code="l">DFo</marc:subfield><marc:subfield code="v">Y</marc:subfield><marc:subfield code="d">10-07-02</marc:subfield><marc:subfield code="c">jre</marc:subfield><marc:subfield code="b">ST</marc:subfield></marc:datafield><marc:datafield tag="876" ind1=" " ind2=" "><marc:subfield code="z">HH210/25. Imperfect: lacking k3.4, l1.6, n1,2, and all after o4; l1.6 supplied in MS. Evidence of MS. notes, bleached or faded. Sig.a mutilated, m1 torn at head fore-edge with text in MS., m6 and o4 mutilated, and most leaves torn or wormed, affecting text. Leaf l4 misbound before l2 and leaf m6 misbound after n5. Half bound in brown goatskin by W. Pratt. Provenance: Hodgson's sale, 30 March 1922, lot 616; collated at Quaritch by E. Talbot, 31 March 1922; Harmsworth copy</marc:subfield></marc:datafield><marc:datafield tag="100" ind1="0" ind2=" "><marc:subfield code="a">Raymond,</marc:subfield><marc:subfield code="c">of Capua,</marc:subfield><marc:subfield code="d">1330-1399.</marc:subfield></marc:datafield><marc:datafield tag="600" ind1="0" ind2="0"><marc:subfield code="a">Catherine,</marc:subfield><marc:subfield code="c">of Siena, Saint,</marc:subfield><marc:subfield code="d">1347-1380.</marc:subfield></marc:datafield><marc:datafield tag="600" ind1="0" ind2="0"><marc:subfield code="a">Elizabeth,</marc:subfield><marc:subfield code="c">of Hungary, Saint,</marc:subfield><marc:subfield code="d">1207-1231.</marc:subfield></marc:datafield><marc:datafield tag="700" ind1="0" ind2=" "><marc:subfield code="a">Elizabeth,</marc:subfield><marc:subfield code="c">of Hungary, Saint,</marc:subfield><marc:subfield code="d">1207-1231,</marc:subfield><marc:subfield code="e">attributed name.</marc:subfield></marc:datafield><marc:datafield tag="700" ind1="0" ind2=" "><marc:subfield code="a">Elizabeth,</marc:subfield><marc:subfield code="c">of Toess, Saint,</marc:subfield><marc:subfield code="d">1297-1338,</marc:subfield><marc:subfield code="e">attributed name.</marc:subfield></marc:datafield><marc:datafield tag="960" ind1="0" ind2=" "><marc:subfield code="a">Westminster</marc:subfield></marc:datafield><marc:datafield tag="967" ind1=" " ind2=" "><marc:subfield code="a">z</marc:subfield><marc:subfield code="c">n</marc:subfield></marc:datafield><marc:datafield tag="998" ind1=" " ind2=" "><marc:subfield code="a">10/07/02</marc:subfield><marc:subfield code="t">c</marc:subfield><marc:subfield code="s">9125</marc:subfield><marc:subfield code="n">DFo</marc:subfield><marc:subfield code="w">ESTCS109662</marc:subfield><marc:subfield code="d">08/18/02</marc:subfield><marc:subfield code="i">021007</marc:subfield><marc:subfield code="l">ESTC</marc:subfield></marc:datafield></marc:record>