
<marc:record><marc:leader>02335cam a2200469 a 4500</marc:leader>
<marc:controlfield tag="001">90474</marc:controlfield>
<marc:controlfield tag="005">20110119170030.0</marc:controlfield><marc:controlfield tag="008">951026s1492    it            000 0dlat d</marc:controlfield><marc:datafield tag="035" ind1=" " ind2=" "><marc:subfield code="9">DCFG95-B2326</marc:subfield></marc:datafield><marc:datafield tag="040" ind1=" " ind2=" "><marc:subfield code="a">NhD</marc:subfield><marc:subfield code="c">NhD</marc:subfield><marc:subfield code="d">CU-BANC</marc:subfield><marc:subfield code="d">CStRLIN</marc:subfield><marc:subfield code="d">MdBJ</marc:subfield><marc:subfield code="d">DFo</marc:subfield><marc:subfield code="e">dcrb</marc:subfield></marc:datafield><marc:datafield tag="041" ind1="1" ind2=" "><marc:subfield code="a">lat</marc:subfield><marc:subfield code="h">grc</marc:subfield></marc:datafield><marc:datafield tag="090" ind1=" " ind2=" "><marc:subfield code="b">INC P743</marc:subfield><marc:subfield code="n">:SL A few pencilled notes and markings in the first gatherings.</marc:subfield><marc:subfield code="f">cs659</marc:subfield><marc:subfield code="t">6̃00</marc:subfield><marc:subfield code="t">7̃40</marc:subfield><marc:subfield code="i">10/30/95 C</marc:subfield></marc:datafield><marc:datafield tag="240" ind1="1" ind2="0"><marc:subfield code="a">Enneads.</marc:subfield><marc:subfield code="l">Latin</marc:subfield></marc:datafield><marc:datafield tag="245" ind1="1" ind2="0"><marc:subfield code="a">Prohemium Marsilii Ficini Florentini in Plotinum.</marc:subfield></marc:datafield><marc:datafield tag="260" ind1=" " ind2=" "><marc:subfield code="a">[Florence] :</marc:subfield><marc:subfield code="b">Impressit ex archetypo Antonius Miscominus Florentiae,</marc:subfield><marc:subfield code="c">anno 1492, Nonis Maii [7 May]</marc:subfield></marc:datafield><marc:datafield tag="300" ind1=" " ind2=" "><marc:subfield code="a">[884] p. (the first [2] p. blank) ;</marc:subfield><marc:subfield code="c">31cm. (fol.)</marc:subfield></marc:datafield><marc:datafield tag="500" ind1=" " ind2=" "><marc:subfield code="a">Title derived from caption on leaf a2r.</marc:subfield></marc:datafield><marc:datafield tag="500" ind1=" " ind2=" "><marc:subfield code="a">Caption title, sig. a3r: Plotini vita composita a Porphyrio discipulo suo traducta vero a Marsilio Ficino Florentino.</marc:subfield></marc:datafield><marc:datafield tag="500" ind1=" " ind2=" "><marc:subfield code="a">Imprint from colophon (leaf 2u10r).</marc:subfield></marc:datafield><marc:datafield tag="500" ind1=" " ind2=" "><marc:subfield code="a">Signatures: a¹⁰, b⁸, c-n¹⁰, o¹², p-z¹⁰, &amp;¹⁰, 2a-2u¹⁰, [2x]² (l5 signed l1, o6 signed o5).</marc:subfield></marc:datafield><marc:datafield tag="500" ind1=" " ind2=" "><marc:subfield code="a">Includes register.</marc:subfield></marc:datafield><marc:datafield tag="500" ind1=" " ind2=" "><marc:subfield code="a">Capital spaces with guide letters.</marc:subfield></marc:datafield><marc:datafield tag="500" ind1=" " ind2=" "><marc:subfield code="a">Errata: leaves [2x]1r-[2x]2r.</marc:subfield></marc:datafield><marc:datafield tag="510" ind1="4" ind2=" "><marc:subfield code="a">Goff</marc:subfield><marc:subfield code="c">P-815.</marc:subfield></marc:datafield><marc:datafield tag="510" ind1="4" ind2=" "><marc:subfield code="a">BM 15th cent.,</marc:subfield><marc:subfield code="c">VI, p. 640 (IB.27194).</marc:subfield></marc:datafield><marc:datafield tag="510" ind1="4" ind2=" "><marc:subfield code="a">Hain-Copinger,</marc:subfield><marc:subfield code="c">13121*.</marc:subfield></marc:datafield><marc:datafield tag="590" ind1=" " ind2=" "><marc:subfield code="a">Folger copy lacks leaf a1 (blank) and last 2 leaves with errata (description from BM 15th cent.) ; edges trimmed affecting manuscript notes.</marc:subfield></marc:datafield><marc:datafield tag="590" ind1=" " ind2=" "><marc:subfield code="a">Extensive manuscript notes including commentary, most of them in same hand throughout the book and on verso of leaf 2u10.</marc:subfield></marc:datafield><marc:datafield tag="590" ind1=" " ind2=" "><marc:subfield code="a">Booklabel of E.P. Jacobsen; his bibliographic notes pencilled on front flyleaf with his autograph and date 1893.</marc:subfield></marc:datafield><marc:datafield tag="590" ind1=" " ind2=" "><marc:subfield code="a">In a later half morocco binding; edges stained red; repaired.</marc:subfield></marc:datafield><marc:datafield tag="700" ind1="1" ind2=" "><marc:subfield code="a">Ficino, Marsilio,</marc:subfield><marc:subfield code="d">1433-1499.</marc:subfield></marc:datafield><marc:datafield tag="740" ind1="0" ind2=" "><marc:subfield code="a">Marsilii Ficini Florentini in Plotinum.</marc:subfield></marc:datafield><marc:datafield tag="740" ind1="0" ind2=" "><marc:subfield code="a">Opera.</marc:subfield></marc:datafield><marc:datafield tag="740" ind1="0" ind2=" "><marc:subfield code="a">Prohemivm Marsilii Ficini Florentini in Plotinvm.</marc:subfield></marc:datafield><marc:datafield tag="700" ind1="1" ind2=" "><marc:subfield code="a">Jacobsen, E. P.,</marc:subfield><marc:subfield code="e">former owner.</marc:subfield></marc:datafield><marc:datafield tag="700" ind1="1" ind2=" "><marc:subfield code="a">Miscomini, Antonio,</marc:subfield><marc:subfield code="d">fl. 1476-1494,</marc:subfield><marc:subfield code="e">printer.</marc:subfield></marc:datafield><marc:datafield tag="752" ind1="1" ind2="0"><marc:subfield code="d">Florence.</marc:subfield></marc:datafield><marc:datafield tag="100" ind1="0" ind2=" "><marc:subfield code="a">Plotinus.</marc:subfield></marc:datafield><marc:datafield tag="600" ind1="0" ind2="0"><marc:subfield code="a">Plotinus.</marc:subfield></marc:datafield><marc:datafield tag="700" ind1="0" ind2="2"><marc:subfield code="a">Porphyry,</marc:subfield><marc:subfield code="d">ca. 234-ca. 305.</marc:subfield><marc:subfield code="t">Life of Plotinus.</marc:subfield><marc:subfield code="l">Latin.</marc:subfield><marc:subfield code="f">1492.</marc:subfield></marc:datafield><marc:datafield tag="950" ind1=" " ind2=" "><marc:subfield code="l">RARE</marc:subfield><marc:subfield code="i">10/30/95 C</marc:subfield></marc:datafield><marc:datafield tag="998" ind1=" " ind2=" "><marc:subfield code="a">10/30/95</marc:subfield><marc:subfield code="t">c</marc:subfield><marc:subfield code="s">9115</marc:subfield><marc:subfield code="n">DFo</marc:subfield><marc:subfield code="w">DCFG95B2326</marc:subfield><marc:subfield code="d">10/26/95</marc:subfield><marc:subfield code="c">ML</marc:subfield><marc:subfield code="b">MT</marc:subfield><marc:subfield code="l">DCFG</marc:subfield></marc:datafield></marc:record>