
<marc:record><marc:leader>03215cam a2200481 a 4500</marc:leader>
<marc:controlfield tag="001">76885</marc:controlfield>
<marc:controlfield tag="005">20120822124722.0</marc:controlfield><marc:controlfield tag="008">880810s1493    gw a          000 0 ger  </marc:controlfield><marc:datafield tag="010" ind1=" " ind2=" "><marc:subfield code="a">   48043596 </marc:subfield></marc:datafield><marc:datafield tag="035" ind1=" " ind2=" "><marc:subfield code="9">DCFG88-B944</marc:subfield></marc:datafield><marc:datafield tag="035" ind1=" " ind2=" "><marc:subfield code="a">76885</marc:subfield></marc:datafield><marc:datafield tag="040" ind1=" " ind2=" "><marc:subfield code="c">DFo</marc:subfield><marc:subfield code="d">DFo</marc:subfield><marc:subfield code="d">UtOrBLW</marc:subfield></marc:datafield><marc:datafield tag="050" ind1="0" ind2="0"><marc:subfield code="a">Incun. 1493</marc:subfield><marc:subfield code="b">.R5</marc:subfield></marc:datafield><marc:datafield tag="090" ind1=" " ind2=" "><marc:subfield code="b">INC R191</marc:subfield><marc:subfield code="f">222749</marc:subfield><marc:subfield code="t">6̃50</marc:subfield><marc:subfield code="t">7̃00</marc:subfield><marc:subfield code="t">7̃55</marc:subfield><marc:subfield code="i">02/02/96 X</marc:subfield><marc:subfield code="h">01/30/96 N</marc:subfield><marc:subfield code="h">08/31/88 N</marc:subfield><marc:subfield code="h">08/17/88 CZ</marc:subfield></marc:datafield><marc:datafield tag="100" ind1="1" ind2=" "><marc:subfield code="a">Riederer, Friedrich.</marc:subfield></marc:datafield><marc:datafield tag="240" ind1="1" ind2="0"><marc:subfield code="a">Spiegel der wahren Rhetorik</marc:subfield></marc:datafield><marc:datafield tag="245" ind1="1" ind2="0"><marc:subfield code="a">Spiegel der waren Rhetoric vss M. Tulio C. vnd andern getütscht :</marc:subfield><marc:subfield code="b">mit irn Glidern clüger Reden Sandbriefen, vnd Formen menicher Contract, seltzam regulierts tütschs vnd nutzbar exempliert, mit Fügen vff göttlich vnd keiserlich Schrifft vnd Rechte gegründt, nuwlich (vnd vormaln in Gemein nÿe gesehen) ÿetz loblich vssgangen.</marc:subfield></marc:datafield><marc:datafield tag="260" ind1=" " ind2=" "><marc:subfield code="a">[Freiburg im Breisgau] :</marc:subfield><marc:subfield code="b">Durch Fridrichen Riedrer versamelt, gedruckt, vnd volendet,</marc:subfield><marc:subfield code="c">[11 Dec. 1493]</marc:subfield></marc:datafield><marc:datafield tag="300" ind1=" " ind2=" "><marc:subfield code="a">CLXXX, [8] leaves :</marc:subfield><marc:subfield code="b">ill. (woodcuts) ;</marc:subfield><marc:subfield code="c">31 cm. (fol.)</marc:subfield></marc:datafield><marc:datafield tag="500" ind1=" " ind2=" "><marc:subfield code="a">Imprint from colophon, which gives date as: An Mittwoch vor Sant Lucien Tag nach desselben vnsers lieben Herren Gottes Ihesu Cristi Geburt vierzehenhundert nüntzig vnd drü Iar gezalt.</marc:subfield></marc:datafield><marc:datafield tag="500" ind1=" " ind2=" "><marc:subfield code="a">Signatures: a⁸ b-s⁶, ²s⁶ t⁶ v⁶ u⁶ w⁶ x-z⁶ A-B⁶ C¹⁰ D⁸.</marc:subfield></marc:datafield><marc:datafield tag="510" ind1="4" ind2=" "><marc:subfield code="a">Hain</marc:subfield><marc:subfield code="c">13914</marc:subfield></marc:datafield><marc:datafield tag="510" ind1="4" ind2=" "><marc:subfield code="a">BM 15th cent.,</marc:subfield><marc:subfield code="c">III, p. 696 (IB.14213)</marc:subfield></marc:datafield><marc:datafield tag="510" ind1="4" ind2=" "><marc:subfield code="a">Goff</marc:subfield><marc:subfield code="c">R-197</marc:subfield></marc:datafield><marc:datafield tag="585" ind1=" " ind2=" "><marc:subfield code="a">Washington, D.C., Folger Shakespeare Library, 1992. Fine and Historic Bookbindings (catalog entry 9:1)</marc:subfield><marc:subfield code="5">DFo</marc:subfield></marc:datafield><marc:datafield tag="590" ind1=" " ind2=" "><marc:subfield code="a">Folger copy: bookstamp &quot;Herzzoglicher S. Meiningischer Bibliothek&quot; on verso of t.p.; bookplates of Mr. and Mrs. Dunscombe Colt; gift of Mrs. Colt (January 6, 1988).</marc:subfield></marc:datafield><marc:datafield tag="590" ind1=" " ind2=" "><marc:subfield code="a">In a contemporary quarter pigskin binding on wooden boards, blind tooled with pomegranate and &quot;Rautengerank&quot; stamps; remains of 2 clasps catching on front cover; printed leaf of a calendar (in red and black) used as pastedown; manuscript fragments used as spine reinforcement; inscription on lower edge, reading from spine to fore-edge &quot;Speculũ rethorice. D.&quot;; evidence of a vellum label on front cover; number &quot;205&quot; handwritten on spine; several paper labels of different colors on spine, reading from head to tail: &quot;Inc. 63&quot;, &quot;Inc. 13&quot;, &quot;INC 53&quot;, and &quot;LXXIII&quot;.</marc:subfield></marc:datafield><marc:datafield tag="650" ind1=" " ind2="0"><marc:subfield code="a">Rhetoric, Medieval.</marc:subfield></marc:datafield><marc:datafield tag="650" ind1=" " ind2="0"><marc:subfield code="a">Forms (Law)</marc:subfield></marc:datafield><marc:datafield tag="655" ind1=" " ind2="7"><marc:subfield code="a">Illustrated works</marc:subfield><marc:subfield code="y">15th and 16th centuries.</marc:subfield><marc:subfield code="2">rbgenr</marc:subfield></marc:datafield><marc:datafield tag="655" ind1=" " ind2="7"><marc:subfield code="a">Pigskin bindings (Binding)</marc:subfield><marc:subfield code="z">Germany</marc:subfield><marc:subfield code="y">15th century.</marc:subfield><marc:subfield code="2">rbbin</marc:subfield></marc:datafield><marc:datafield tag="655" ind1=" " ind2="7"><marc:subfield code="a">Manuscript waste (Binding)</marc:subfield><marc:subfield code="2">rbbin</marc:subfield></marc:datafield><marc:datafield tag="655" ind1=" " ind2="7"><marc:subfield code="a">Printed waste (Binding)</marc:subfield><marc:subfield code="2">rbbin</marc:subfield></marc:datafield><marc:datafield tag="700" ind1="1" ind2=" "><marc:subfield code="a">Cicero, Marcus Tullius.</marc:subfield></marc:datafield><marc:datafield tag="710" ind1="1" ind2=" "><marc:subfield code="a">Meiningen (Germany).</marc:subfield><marc:subfield code="b">Herzogliche Öffentliche Bibliothek,</marc:subfield><marc:subfield code="e">former owner.</marc:subfield></marc:datafield><marc:datafield tag="700" ind1="1" ind2=" "><marc:subfield code="a">Colt, Harris Dunscombe,</marc:subfield><marc:subfield code="e">former owner.</marc:subfield><marc:subfield code="5">DFo</marc:subfield></marc:datafield><marc:datafield tag="700" ind1="1" ind2=" "><marc:subfield code="a">Colt, Armida Maria-Theresa,</marc:subfield><marc:subfield code="e">former owner.</marc:subfield><marc:subfield code="5">DFo</marc:subfield></marc:datafield><marc:datafield tag="700" ind1="1" ind2=" "><marc:subfield code="a">Riederer, Friedrich,</marc:subfield><marc:subfield code="e">printer.</marc:subfield></marc:datafield><marc:datafield tag="752" ind1="1" ind2="0"><marc:subfield code="d">Freiburg im Breisgau.</marc:subfield></marc:datafield><marc:datafield tag="852" ind1="8" ind2=" "><marc:subfield code="x">rev. knt 201205</marc:subfield></marc:datafield><marc:datafield tag="856" ind1="4" ind2="1"><marc:subfield code="u">http://luna.folger.edu/luna/servlet/s/7fz047</marc:subfield><marc:subfield code="z">Binding images and description for Folger Shakespeare Library INC R191</marc:subfield></marc:datafield><marc:datafield tag="950" ind1=" " ind2=" "><marc:subfield code="l">RARE</marc:subfield><marc:subfield code="h">08/17/88 C</marc:subfield></marc:datafield><marc:datafield tag="998" ind1=" " ind2=" "><marc:subfield code="a">02/02/96</marc:subfield><marc:subfield code="t">c</marc:subfield><marc:subfield code="s">9114</marc:subfield><marc:subfield code="n">DFo</marc:subfield><marc:subfield code="w">DCFG88B944</marc:subfield><marc:subfield code="d">08/10/88</marc:subfield><marc:subfield code="c">HFR</marc:subfield><marc:subfield code="b">ML</marc:subfield><marc:subfield code="l">DCFG</marc:subfield></marc:datafield></marc:record>