
<marc:record><marc:leader>01096cam a2200301 a 4500</marc:leader>
<marc:controlfield tag="001">90259</marc:controlfield>
<marc:controlfield tag="005">20110119170023.0</marc:controlfield><marc:controlfield tag="008">950324s1494    gw            000 0 lat d</marc:controlfield><marc:datafield tag="035" ind1=" " ind2=" "><marc:subfield code="9">DCFG95-B954</marc:subfield></marc:datafield><marc:datafield tag="035" ind1=" " ind2=" "><marc:subfield code="a">90259</marc:subfield></marc:datafield><marc:datafield tag="040" ind1=" " ind2=" "><marc:subfield code="a">DFo</marc:subfield><marc:subfield code="c">DFo</marc:subfield><marc:subfield code="e">dcrb</marc:subfield></marc:datafield><marc:datafield tag="090" ind1=" " ind2=" "><marc:subfield code="b">INC L53</marc:subfield><marc:subfield code="f">173666</marc:subfield><marc:subfield code="t">6̃50</marc:subfield><marc:subfield code="t">7̃40</marc:subfield><marc:subfield code="i">03/31/95 C</marc:subfield></marc:datafield><marc:datafield tag="100" ind1="1" ind2=" "><marc:subfield code="a">Lantzberger, Johannes,</marc:subfield><marc:subfield code="d">15th cent.</marc:subfield></marc:datafield><marc:datafield tag="245" ind1="1" ind2="0"><marc:subfield code="a">Dialogus reco[m]me[n]dat[i]o[n]is exprobrat[i]o[n]isq[ue] poetices.</marc:subfield></marc:datafield><marc:datafield tag="260" ind1=" " ind2=" "><marc:subfield code="a">[Leipzig :</marc:subfield><marc:subfield code="b">Martin Landsberg,</marc:subfield><marc:subfield code="c">after 4 July 1494]</marc:subfield></marc:datafield><marc:datafield tag="300" ind1=" " ind2=" "><marc:subfield code="a">[24] p. ;</marc:subfield><marc:subfield code="c">21 cm. (4to)</marc:subfield></marc:datafield><marc:datafield tag="500" ind1=" " ind2=" "><marc:subfield code="a">Imprint from Goff; date at end of Jacobus Barynus's letter (leaf b6r): quarto Nonas Iulias anni. M.cccc.xciiij.</marc:subfield></marc:datafield><marc:datafield tag="500" ind1=" " ind2=" "><marc:subfield code="a">Signatures: a-b⁶.</marc:subfield></marc:datafield><marc:datafield tag="510" ind1="4" ind2=" "><marc:subfield code="a">Goff</marc:subfield><marc:subfield code="c">L-62.</marc:subfield></marc:datafield><marc:datafield tag="510" ind1="4" ind2=" "><marc:subfield code="a">Hain-Reichling,</marc:subfield><marc:subfield code="c">9897.</marc:subfield></marc:datafield><marc:datafield tag="590" ind1=" " ind2=" "><marc:subfield code="a">Folger copy purchased in 1959.</marc:subfield></marc:datafield><marc:datafield tag="650" ind1=" " ind2="0"><marc:subfield code="a">Poetry.</marc:subfield></marc:datafield><marc:datafield tag="650" ind1=" " ind2="0"><marc:subfield code="a">Rhetoric.</marc:subfield></marc:datafield><marc:datafield tag="740" ind1="0" ind2=" "><marc:subfield code="a">Dialogus recõmẽdatõis exprobratõisq[ue] poetices.</marc:subfield></marc:datafield><marc:datafield tag="700" ind1="1" ind2=" "><marc:subfield code="a">Landsberg, Martin,</marc:subfield><marc:subfield code="d">d. 1523,</marc:subfield><marc:subfield code="e">printer.</marc:subfield></marc:datafield><marc:datafield tag="752" ind1="1" ind2="0"><marc:subfield code="d">Leipzig.</marc:subfield></marc:datafield><marc:datafield tag="950" ind1=" " ind2=" "><marc:subfield code="l">RARE</marc:subfield><marc:subfield code="i">03/31/95 C</marc:subfield></marc:datafield><marc:datafield tag="998" ind1=" " ind2=" "><marc:subfield code="a">03/31/95</marc:subfield><marc:subfield code="t">c</marc:subfield><marc:subfield code="s">9114</marc:subfield><marc:subfield code="n">DFo</marc:subfield><marc:subfield code="w">DCFG95B954</marc:subfield><marc:subfield code="d">03/24/95</marc:subfield><marc:subfield code="c">ML</marc:subfield><marc:subfield code="b">MT</marc:subfield><marc:subfield code="l">DCFG</marc:subfield></marc:datafield></marc:record>