
<marc:record><marc:leader>01890cam a2200385   4500</marc:leader>
<marc:controlfield tag="001">168769</marc:controlfield>
<marc:controlfield tag="005">20120306134217.0</marc:controlfield><marc:controlfield tag="008">920922s1500    enk           000 p eng d</marc:controlfield><marc:datafield tag="035" ind1=" " ind2=" "><marc:subfield code="9">ESTCS120911</marc:subfield></marc:datafield><marc:datafield tag="035" ind1=" " ind2=" "><marc:subfield code="a">168769</marc:subfield></marc:datafield><marc:datafield tag="040" ind1=" " ind2=" "><marc:subfield code="a">Cu-RivES</marc:subfield><marc:subfield code="c">Cu-RivES</marc:subfield><marc:subfield code="d">CStRLIN</marc:subfield><marc:subfield code="d">Cu-RivES</marc:subfield><marc:subfield code="e">dcrb</marc:subfield><marc:subfield code="d">UtOrBLW</marc:subfield></marc:datafield><marc:datafield tag="090" ind1=" " ind2=" "><marc:subfield code="i">11/14/97 T</marc:subfield><marc:subfield code="h">02/22/96 T</marc:subfield></marc:datafield><marc:datafield tag="245" ind1="0" ind2="3"><marc:subfield code="a">[A little gest of Robin Hood]</marc:subfield></marc:datafield><marc:datafield tag="246" ind1="3" ind2=" "><marc:subfield code="a">Little gest of Robin Hood</marc:subfield></marc:datafield><marc:datafield tag="260" ind1=" " ind2=" "><marc:subfield code="a">[London :</marc:subfield><marc:subfield code="b">Richard Pynson,</marc:subfield><marc:subfield code="c">1500?]</marc:subfield></marc:datafield><marc:datafield tag="300" ind1=" " ind2=" "><marc:subfield code="a">[4+] p. ;</marc:subfield><marc:subfield code="c">4⁰.</marc:subfield></marc:datafield><marc:datafield tag="500" ind1=" " ind2=" "><marc:subfield code="a">Title, imprint, and conjectured publication date from STC.</marc:subfield></marc:datafield><marc:datafield tag="500" ind1=" " ind2=" "><marc:subfield code="a">In verse.</marc:subfield></marc:datafield><marc:datafield tag="509" ind1=" " ind2=" "><marc:subfield code="a">Verify pagination.</marc:subfield></marc:datafield><marc:datafield tag="510" ind1="4" ind2=" "><marc:subfield code="a">STC (2nd ed.)</marc:subfield><marc:subfield code="c">13688</marc:subfield></marc:datafield><marc:datafield tag="510" ind1="4" ind2=" "><marc:subfield code="a">Duff</marc:subfield><marc:subfield code="c">362</marc:subfield></marc:datafield><marc:datafield tag="510" ind1="4" ind2=" "><marc:subfield code="a">ESTC (RLIN)</marc:subfield><marc:subfield code="c">S120911</marc:subfield></marc:datafield><marc:datafield tag="530" ind1=" " ind2=" "><marc:subfield code="a">Also available as a digital reproduction.</marc:subfield></marc:datafield><marc:datafield tag="650" ind1=" " ind2="0"><marc:subfield code="a">Ballads, English</marc:subfield><marc:subfield code="y">16th century.</marc:subfield></marc:datafield><marc:datafield tag="650" ind1=" " ind2="0"><marc:subfield code="a">Robin Hood (Legendary character)</marc:subfield><marc:subfield code="v">Poetry</marc:subfield><marc:subfield code="v">Early works to 1800.</marc:subfield></marc:datafield><marc:datafield tag="655" ind1=" " ind2="7"><marc:subfield code="a">Annotations (Provenance)</marc:subfield><marc:subfield code="2">rbprov</marc:subfield></marc:datafield><marc:datafield tag="700" ind1="1" ind2=" "><marc:subfield code="a">Penrose, Boies,</marc:subfield><marc:subfield code="d">1902-1976,</marc:subfield><marc:subfield code="e">former owner.</marc:subfield><marc:subfield code="5">DFo</marc:subfield></marc:datafield><marc:datafield tag="700" ind1="1" ind2=" "><marc:subfield code="a">Pynson, Richard,</marc:subfield><marc:subfield code="d">d. 1530,</marc:subfield><marc:subfield code="e">printer.</marc:subfield></marc:datafield><marc:datafield tag="752" ind1=" " ind2=" "><marc:subfield code="a">England</marc:subfield><marc:subfield code="d">London.</marc:subfield></marc:datafield><marc:datafield tag="852" ind1=" " ind2=" "><marc:subfield code="a">DFo</marc:subfield><marc:subfield code="h">STC 13688</marc:subfield><marc:subfield code="8">1</marc:subfield></marc:datafield><marc:datafield tag="856" ind1="4" ind2="1"><marc:subfield code="u">http://luna.folger.edu/luna/servlet/s/9i31mq</marc:subfield><marc:subfield code="z">Digital reproduction of Folger Shakespeare Library STC 13688 (BookReader thumbnails)</marc:subfield></marc:datafield><marc:datafield tag="859" ind1=" " ind2=" "><marc:subfield code="p">N</marc:subfield><marc:subfield code="r">N</marc:subfield><marc:subfield code="l">DFo</marc:subfield><marc:subfield code="v">Y</marc:subfield><marc:subfield code="d">02-04-99</marc:subfield><marc:subfield code="c">SMT</marc:subfield><marc:subfield code="b">DS</marc:subfield></marc:datafield><marc:datafield tag="876" ind1=" " ind2=" "><marc:subfield code="z">136025. Unbound, within a case. Fragment of 2 leaves (2nd leaf upper half only); 1st leaf begining: And Robyn hode wente to grene wode / Upon a certen day, / And lytyll Iohn was hole of the arowe / That shot was in his kne /. MS. notes in several hands, including a list of titles, each title followed by a number; MS. correction in text on verso of 1st leaf. Provenance: gift of Penrose to Folger in 1952; bookplate of Boies Penrose II (motto: &quot;Ubque fidelis&quot;)</marc:subfield></marc:datafield><marc:datafield tag="967" ind1=" " ind2=" "><marc:subfield code="a">z</marc:subfield><marc:subfield code="c">n</marc:subfield></marc:datafield><marc:datafield tag="998" ind1=" " ind2=" "><marc:subfield code="a">12/22/00</marc:subfield><marc:subfield code="t">c</marc:subfield><marc:subfield code="s">9125</marc:subfield><marc:subfield code="n">DFo</marc:subfield><marc:subfield code="w">ESTCS120911</marc:subfield><marc:subfield code="d">12/22/00</marc:subfield><marc:subfield code="i">001222</marc:subfield><marc:subfield code="h">991128</marc:subfield><marc:subfield code="l">ESTC</marc:subfield></marc:datafield></marc:record>