
<marc:record><marc:leader>02264cam a2200421   4500</marc:leader>
<marc:controlfield tag="001">161383</marc:controlfield>
<marc:controlfield tag="005">20110119173236.0</marc:controlfield><marc:controlfield tag="008">910423q15001510enk||||       00| ||eng d</marc:controlfield><marc:datafield tag="035" ind1=" " ind2=" "><marc:subfield code="9">ESTCS106343</marc:subfield></marc:datafield><marc:datafield tag="035" ind1=" " ind2=" "><marc:subfield code="a">161383</marc:subfield></marc:datafield><marc:datafield tag="040" ind1=" " ind2=" "><marc:subfield code="a">Cu-RivES</marc:subfield><marc:subfield code="c">Cu-RivES</marc:subfield><marc:subfield code="d">CStRLIN</marc:subfield><marc:subfield code="d">Cu-RivES</marc:subfield><marc:subfield code="e">dcrb</marc:subfield></marc:datafield><marc:datafield tag="090" ind1=" " ind2=" "><marc:subfield code="i">10/29/97 T</marc:subfield></marc:datafield><marc:datafield tag="110" ind1="2" ind2=" "><marc:subfield code="a">Orden de Santiago.</marc:subfield></marc:datafield><marc:datafield tag="245" ind1="1" ind2="0"><marc:subfield code="a">Hereaft' foloweth the abreuiaco[n]n of the graces,</marc:subfield><marc:subfield code="b">i[n]dulge[n]ces [and] stacio[n]s which our moste holy fad' Pope Alexa[n]der vi. grau[n]teth to all true beleui[n]ge people: of euery sexe or kynde wylli[n]ge to entre into the fraternite of the great Hospytall of saynt James i[n] Co[m]postell: lately edifyed [and] bylded: as is co[n]teined i[n] his letr[e]s apostolykes, grau[n]ted to euerlasti[n]ge memory, [and] co[n]fermed by our holy fad' nowe bei[n]ge Pope Juli[us].</marc:subfield></marc:datafield><marc:datafield tag="246" ind1="3" ind2=" "><marc:subfield code="a">Hereaft' foloweth the abreviaconn of the graces</marc:subfield></marc:datafield><marc:datafield tag="260" ind1=" " ind2=" "><marc:subfield code="a">[London :</marc:subfield><marc:subfield code="b">R. Pynson,</marc:subfield><marc:subfield code="c">ca. 1505]</marc:subfield></marc:datafield><marc:datafield tag="300" ind1=" " ind2=" "><marc:subfield code="a">2 sheets (versos blank) p. ;</marc:subfield><marc:subfield code="c">1⁰.</marc:subfield></marc:datafield><marc:datafield tag="500" ind1=" " ind2=" "><marc:subfield code="a">Imprint from STC.</marc:subfield></marc:datafield><marc:datafield tag="500" ind1=" " ind2=" "><marc:subfield code="a">With cut of scallop-shell, top left corner--STC.</marc:subfield></marc:datafield><marc:datafield tag="500" ind1=" " ind2=" "><marc:subfield code="a">This is actually 2 folio sheets pasted together--STC.</marc:subfield></marc:datafield><marc:datafield tag="500" ind1=" " ind2=" "><marc:subfield code="a">A list of indulgences.</marc:subfield></marc:datafield><marc:datafield tag="500" ind1=" " ind2=" "><marc:subfield code="a">Identified as STC 14842a on UMI microfilm &quot;Early English books, 1475-1640&quot;.</marc:subfield></marc:datafield><marc:datafield tag="500" ind1=" " ind2=" "><marc:subfield code="a">L copy filmed on UMI &quot;Tract supplement&quot; reel E1 (Harl. 5919[131]): a fragment.</marc:subfield></marc:datafield><marc:datafield tag="510" ind1="4" ind2=" "><marc:subfield code="a">STC (2nd ed.),</marc:subfield><marc:subfield code="c">14077c.88</marc:subfield></marc:datafield><marc:datafield tag="510" ind1="4" ind2=" "><marc:subfield code="a">ESTC (RLIN)</marc:subfield><marc:subfield code="c">S106343</marc:subfield></marc:datafield><marc:datafield tag="539" ind1=" " ind2=" "><marc:subfield code="a">DFo.</marc:subfield></marc:datafield><marc:datafield tag="539" ind1=" " ind2=" "><marc:subfield code="a">L.</marc:subfield></marc:datafield><marc:datafield tag="610" ind1="2" ind2="0"><marc:subfield code="a">Orden de Santiago</marc:subfield><marc:subfield code="v">Early works to 1800.</marc:subfield></marc:datafield><marc:datafield tag="610" ind1="2" ind2="0"><marc:subfield code="a">Hospital Real de Santiago</marc:subfield><marc:subfield code="v">Early works to 1800.</marc:subfield></marc:datafield><marc:datafield tag="650" ind1=" " ind2="0"><marc:subfield code="a">Indulgences</marc:subfield><marc:subfield code="z">England</marc:subfield><marc:subfield code="v">Early works to 1800.</marc:subfield></marc:datafield><marc:datafield tag="650" ind1=" " ind2="0"><marc:subfield code="a">Broadsides</marc:subfield><marc:subfield code="z">England</marc:subfield><marc:subfield code="v">Early works to 1800.</marc:subfield></marc:datafield><marc:datafield tag="700" ind1="1" ind2=" "><marc:subfield code="a">Harmsworth, R. Leicester</marc:subfield><marc:subfield code="q">(Robert Leicester),</marc:subfield><marc:subfield code="c">Sir,</marc:subfield><marc:subfield code="d">1870-1937,</marc:subfield><marc:subfield code="e">former owner.</marc:subfield><marc:subfield code="5">DFo</marc:subfield></marc:datafield><marc:datafield tag="710" ind1="2" ind2=" "><marc:subfield code="a">Catholic Church.</marc:subfield></marc:datafield><marc:datafield tag="852" ind1=" " ind2=" "><marc:subfield code="a">DFo</marc:subfield><marc:subfield code="h">STC 14842.5</marc:subfield><marc:subfield code="8">1</marc:subfield></marc:datafield><marc:datafield tag="859" ind1=" " ind2=" "><marc:subfield code="p">Y</marc:subfield><marc:subfield code="r">N</marc:subfield><marc:subfield code="l">DFo</marc:subfield><marc:subfield code="v">Y</marc:subfield><marc:subfield code="d">09-12-02</marc:subfield><marc:subfield code="c">kkt</marc:subfield><marc:subfield code="b">JBR</marc:subfield></marc:datafield><marc:datafield tag="876" ind1=" " ind2=" "><marc:subfield code="z">HH5/30. Some MS. markings. Wormed, slightly affecting text. Torn and mended, affecting text. Red morocco gilt binding signed by W. Pratt for F.S. Ellis. Provenance: armorial bookplate of Thomas Brooke; Harmsworth copy</marc:subfield></marc:datafield><marc:datafield tag="967" ind1=" " ind2=" "><marc:subfield code="a">z</marc:subfield><marc:subfield code="c">n</marc:subfield></marc:datafield><marc:datafield tag="998" ind1=" " ind2=" "><marc:subfield code="a">05/16/03</marc:subfield><marc:subfield code="t">c</marc:subfield><marc:subfield code="s">9125</marc:subfield><marc:subfield code="n">DFo</marc:subfield><marc:subfield code="w">ESTCS106343</marc:subfield><marc:subfield code="d">08/18/02</marc:subfield><marc:subfield code="i">030516</marc:subfield><marc:subfield code="h">030515</marc:subfield><marc:subfield code="l">ESTC</marc:subfield></marc:datafield></marc:record>