
<marc:record><marc:leader>02530cam a2200457   4500</marc:leader>
<marc:controlfield tag="001">163533</marc:controlfield>
<marc:controlfield tag="005">20110119173416.0</marc:controlfield><marc:controlfield tag="008">910927s1493    enk||||       00| ||eng d</marc:controlfield><marc:datafield tag="035" ind1=" " ind2=" "><marc:subfield code="9">ESTCS109783</marc:subfield></marc:datafield><marc:datafield tag="035" ind1=" " ind2=" "><marc:subfield code="a">163533</marc:subfield></marc:datafield><marc:datafield tag="040" ind1=" " ind2=" "><marc:subfield code="a">Cu-RivES</marc:subfield><marc:subfield code="c">Cu-RivES</marc:subfield><marc:subfield code="d">CStRLIN</marc:subfield><marc:subfield code="e">dcrb</marc:subfield><marc:subfield code="d">DFo</marc:subfield></marc:datafield><marc:datafield tag="130" ind1="0" ind2=" "><marc:subfield code="a">Dives and pauper.</marc:subfield></marc:datafield><marc:datafield tag="245" ind1="1" ind2="0"><marc:subfield code="a">Here endith a compendiouse treetise dyalogue of diues [and] paup., that is to say, The riche [and] the pore fructuously tretyng vpon the x. co[m]man[n]dmentes ...</marc:subfield></marc:datafield><marc:datafield tag="246" ind1="3" ind2=" "><marc:subfield code="a">Here endith a compendiouse treetise dyalogue of diues paup.</marc:subfield></marc:datafield><marc:datafield tag="246" ind1="3" ind2="0"><marc:subfield code="a">Riche [and] the pore fructuously tretyng vpon the x. co[m]man[n]dmentes</marc:subfield></marc:datafield><marc:datafield tag="246" ind1="3" ind2=" "><marc:subfield code="a">Riche and the pore fructuously tretyng vpon the x. commanndmentes</marc:subfield></marc:datafield><marc:datafield tag="246" ind1="1" ind2=" "><marc:subfield code="i">Text begins, leaf a2r:</marc:subfield><marc:subfield code="a">Riche and pore haue like cummynge into this worlde. and lyke outgoyng</marc:subfield></marc:datafield><marc:datafield tag="246" ind1="1" ind2="7"><marc:subfield code="a">Of holy pouertie</marc:subfield></marc:datafield><marc:datafield tag="260" ind1=" " ind2=" "><marc:subfield code="a">[London] :</marc:subfield><marc:subfield code="b">Emprentyd by me Richarde Pynson at the Temple Barre. of London,</marc:subfield><marc:subfield code="c">fynisshed the v. day of Iuyl. the yere of oure Lord God MCCCCxxxxiii [1493]</marc:subfield></marc:datafield><marc:datafield tag="300" ind1=" " ind2=" "><marc:subfield code="a">[464] p. ;</marc:subfield><marc:subfield code="c">2⁰.</marc:subfield></marc:datafield><marc:datafield tag="500" ind1=" " ind2=" "><marc:subfield code="a">Previously attributed to Henry Parker.</marc:subfield></marc:datafield><marc:datafield tag="500" ind1=" " ind2=" "><marc:subfield code="a">Title and imprint from colophon.</marc:subfield></marc:datafield><marc:datafield tag="500" ind1=" " ind2=" "><marc:subfield code="a">Signatures: [superscript pi]a-b⁶, a-v⁸ A-I⁸.</marc:subfield></marc:datafield><marc:datafield tag="500" ind1=" " ind2=" "><marc:subfield code="a">Leaves [superscript pi]a1 and a1 are blank.</marc:subfield></marc:datafield><marc:datafield tag="500" ind1=" " ind2=" "><marc:subfield code="a">The last leaf bears Pynson's device.</marc:subfield></marc:datafield><marc:datafield tag="510" ind1="4" ind2=" "><marc:subfield code="a">STC (2nd ed.),</marc:subfield><marc:subfield code="c">19212</marc:subfield></marc:datafield><marc:datafield tag="510" ind1="4" ind2=" "><marc:subfield code="a">Duff</marc:subfield><marc:subfield code="c">339</marc:subfield></marc:datafield><marc:datafield tag="510" ind1="4" ind2=" "><marc:subfield code="a">Hain-Copinger</marc:subfield><marc:subfield code="c">6109</marc:subfield></marc:datafield><marc:datafield tag="510" ind1="4" ind2=" "><marc:subfield code="a">ESTC (RLIN)</marc:subfield><marc:subfield code="c">S109783</marc:subfield></marc:datafield><marc:datafield tag="650" ind1=" " ind2="0"><marc:subfield code="a">Conduct of life</marc:subfield><marc:subfield code="v">Early works to 1800.</marc:subfield></marc:datafield><marc:datafield tag="650" ind1=" " ind2="0"><marc:subfield code="a">Dialogues, English</marc:subfield><marc:subfield code="v">Early works to 1800.</marc:subfield></marc:datafield><marc:datafield tag="630" ind1="0" ind2="0"><marc:subfield code="a">Ten commandments</marc:subfield><marc:subfield code="v">Early works to 1800.</marc:subfield></marc:datafield><marc:datafield tag="700" ind1="1" ind2=" "><marc:subfield code="a">Pynson, Richard,</marc:subfield><marc:subfield code="d">d. 1530,</marc:subfield><marc:subfield code="e">printer.</marc:subfield></marc:datafield><marc:datafield tag="700" ind1="1" ind2=" "><marc:subfield code="a">Parker, Henry,</marc:subfield><marc:subfield code="d">d. 1470,</marc:subfield><marc:subfield code="e">attributed name.</marc:subfield></marc:datafield><marc:datafield tag="700" ind1="1" ind2=" "><marc:subfield code="a">Harmsworth, R. Leicester</marc:subfield><marc:subfield code="q">(Robert Leicester),</marc:subfield><marc:subfield code="c">Sir,</marc:subfield><marc:subfield code="d">1870-1937,</marc:subfield><marc:subfield code="e">former owner.</marc:subfield><marc:subfield code="5">DFo</marc:subfield></marc:datafield><marc:datafield tag="710" ind1="2" ind2=" "><marc:subfield code="a">Huth Library,</marc:subfield><marc:subfield code="e">former owner.</marc:subfield><marc:subfield code="5">DFo</marc:subfield></marc:datafield><marc:datafield tag="752" ind1=" " ind2=" "><marc:subfield code="a">England</marc:subfield><marc:subfield code="d">London.</marc:subfield></marc:datafield><marc:datafield tag="856" ind1="4" ind2="1"><marc:subfield code="u">http://gateway.proquest.com/openurl?ctx_ver=Z39.88-2003&amp;res_id=xri:eebo&amp;rft_id=xri:eebo:image:10325</marc:subfield><marc:subfield code="z">Reproduction of Huntington Library copy</marc:subfield></marc:datafield><marc:datafield tag="852" ind1=" " ind2=" "><marc:subfield code="a">DFo</marc:subfield><marc:subfield code="b">DeckB-STC</marc:subfield><marc:subfield code="h">STC 19212</marc:subfield><marc:subfield code="j">HH159/11</marc:subfield><marc:subfield code="x">CIN=JDB 1999-11-30 RLIN21</marc:subfield></marc:datafield><marc:datafield tag="876" ind1=" " ind2=" "><marc:subfield code="z">Lacking first blank and I8; several leaves remargined; offset of ms. on front and back endpapers, and of a drawing (possibly printed) on leaf I7v. Provenance: inscription in colophon, partially illegible: &quot;Sum Henrici H[...?]ey &amp; amico[rum]. H.H.&quot;; Huth - Harmsworth copy</marc:subfield></marc:datafield><marc:datafield tag="998" ind1=" " ind2=" "><marc:subfield code="a">02/01/02</marc:subfield><marc:subfield code="t">c</marc:subfield><marc:subfield code="s">9125</marc:subfield><marc:subfield code="n">Uk-ES</marc:subfield><marc:subfield code="w">ESTCS109783</marc:subfield><marc:subfield code="d">06/13/00</marc:subfield><marc:subfield code="i">020201</marc:subfield><marc:subfield code="h">001105</marc:subfield><marc:subfield code="l">ESTC</marc:subfield></marc:datafield></marc:record>