
<marc:record><marc:leader>03957cam a2200565 a 4500</marc:leader>
<marc:controlfield tag="001">92703</marc:controlfield>
<marc:controlfield tag="005">20110119170203.0</marc:controlfield><marc:controlfield tag="008">960520s1497    enk           000 0 eng d</marc:controlfield><marc:datafield tag="035" ind1=" " ind2=" "><marc:subfield code="a">(CStRLIN)DCFG96-B1025</marc:subfield></marc:datafield><marc:datafield tag="035" ind1=" " ind2=" "><marc:subfield code="a">92703</marc:subfield></marc:datafield><marc:datafield tag="040" ind1=" " ind2=" "><marc:subfield code="a">DFo</marc:subfield><marc:subfield code="c">DFo</marc:subfield><marc:subfield code="e">dcrb</marc:subfield><marc:subfield code="d">UtOrBLW</marc:subfield></marc:datafield><marc:datafield tag="090" ind1=" " ind2=" "><marc:subfield code="b">STC 9996</marc:subfield><marc:subfield code="f">53/11</marc:subfield><marc:subfield code="i">08/21/96 N</marc:subfield><marc:subfield code="h">06/04/96 C</marc:subfield></marc:datafield><marc:datafield tag="130" ind1="0" ind2=" "><marc:subfield code="a">Chronicles of England.</marc:subfield></marc:datafield><marc:datafield tag="245" ind1="1" ind2="0"><marc:subfield code="a">Here begynneth a shorte &amp; a breue table on these Cronycles ...</marc:subfield></marc:datafield><marc:datafield tag="246" ind1="3" ind2=" "><marc:subfield code="a">Here begynneth a shorte &amp; a breve table on these cronycles</marc:subfield></marc:datafield><marc:datafield tag="246" ind1="3" ind2=" "><marc:subfield code="a">Here begynneth a shorte and a breue table on these cronycles</marc:subfield></marc:datafield><marc:datafield tag="246" ind1="3" ind2="0"><marc:subfield code="a">Cronycles</marc:subfield></marc:datafield><marc:datafield tag="246" ind1="3" ind2=" "><marc:subfield code="a">Cronycle of Englonde</marc:subfield></marc:datafield><marc:datafield tag="260" ind1=" " ind2=" "><marc:subfield code="a">[London] :</marc:subfield><marc:subfield code="b">And newely in the ye[a]r of Our Lord God MCCCClxxxxvij enpryntid at Westmestre by Wynken de Worde,</marc:subfield><marc:subfield code="c">[1497]</marc:subfield></marc:datafield><marc:datafield tag="300" ind1=" " ind2=" "><marc:subfield code="a">[404] p. ;</marc:subfield><marc:subfield code="c">28 cm. (fol.)</marc:subfield></marc:datafield><marc:datafield tag="500" ind1=" " ind2=" "><marc:subfield code="a">Title from incipit of table (leaf 2A1v).</marc:subfield></marc:datafield><marc:datafield tag="500" ind1=" " ind2=" "><marc:subfield code="a">Imprint from colophon.</marc:subfield></marc:datafield><marc:datafield tag="500" ind1=" " ind2=" "><marc:subfield code="a">&quot;The descrypcyon of Englonde&quot; (STC 13440b) is considered part 2 of this. --STC</marc:subfield></marc:datafield><marc:datafield tag="500" ind1=" " ind2=" "><marc:subfield code="a">Signatures: 2A⁶ a-z⁶ [con]⁶ A-H⁶ I⁴.</marc:subfield></marc:datafield><marc:datafield tag="500" ind1=" " ind2=" "><marc:subfield code="a">Woodcut initials.</marc:subfield></marc:datafield><marc:datafield tag="510" ind1="4" ind2=" "><marc:subfield code="a">ESTC (RLIN)</marc:subfield><marc:subfield code="c">S116781</marc:subfield></marc:datafield><marc:datafield tag="510" ind1="4" ind2=" "><marc:subfield code="a">STC (2nd ed.),</marc:subfield><marc:subfield code="c">9996</marc:subfield></marc:datafield><marc:datafield tag="510" ind1="4" ind2=" "><marc:subfield code="a">Duff</marc:subfield><marc:subfield code="c">102</marc:subfield></marc:datafield><marc:datafield tag="510" ind1="4" ind2=" "><marc:subfield code="a">Goff</marc:subfield><marc:subfield code="c">C-482</marc:subfield></marc:datafield><marc:datafield tag="510" ind1="4" ind2=" "><marc:subfield code="a">GW</marc:subfield><marc:subfield code="c">6675</marc:subfield></marc:datafield><marc:datafield tag="651" ind1=" " ind2="0"><marc:subfield code="a">Great Britain</marc:subfield><marc:subfield code="x">History</marc:subfield><marc:subfield code="y">To 1485.</marc:subfield></marc:datafield><marc:datafield tag="655" ind1=" " ind2="7"><marc:subfield code="a">Annotations (Provenance)</marc:subfield><marc:subfield code="2">rbprov</marc:subfield></marc:datafield><marc:datafield tag="700" ind1="1" ind2=" "><marc:subfield code="a">Worde, Wynkyn de,</marc:subfield><marc:subfield code="d">d. 1534?,</marc:subfield><marc:subfield code="e">printer.</marc:subfield></marc:datafield><marc:datafield tag="700" ind1="1" ind2=" "><marc:subfield code="a">Harmsworth, R. Leicester</marc:subfield><marc:subfield code="q">(Robert Leicester),</marc:subfield><marc:subfield code="c">Sir,</marc:subfield><marc:subfield code="d">1870-1937,</marc:subfield><marc:subfield code="e">former owner.</marc:subfield><marc:subfield code="5">DFo</marc:subfield></marc:datafield><marc:datafield tag="700" ind1="1" ind2=" "><marc:subfield code="a">Elliot, Walter,</marc:subfield><marc:subfield code="d">1803-1887,</marc:subfield><marc:subfield code="e">former owner.</marc:subfield><marc:subfield code="5">DFo</marc:subfield></marc:datafield><marc:datafield tag="700" ind1="1" ind2=" "><marc:subfield code="a">Renwick, Robert,</marc:subfield><marc:subfield code="d">18th cent.,</marc:subfield><marc:subfield code="e">former owner.</marc:subfield><marc:subfield code="5">DFo</marc:subfield></marc:datafield><marc:datafield tag="700" ind1="1" ind2=" "><marc:subfield code="a">Scott, James,</marc:subfield><marc:subfield code="d">18th cent.,</marc:subfield><marc:subfield code="e">former owner.</marc:subfield><marc:subfield code="5">DFo</marc:subfield></marc:datafield><marc:datafield tag="700" ind1="1" ind2=" "><marc:subfield code="a">Wills, John,</marc:subfield><marc:subfield code="e">former owner.</marc:subfield><marc:subfield code="5">DFo</marc:subfield></marc:datafield><marc:datafield tag="700" ind1="1" ind2=" "><marc:subfield code="a">Whit, Wiliam,</marc:subfield><marc:subfield code="e">former owner.</marc:subfield><marc:subfield code="5">DFo</marc:subfield></marc:datafield><marc:datafield tag="700" ind1="1" ind2=" "><marc:subfield code="a">Perkyns, Thom,</marc:subfield><marc:subfield code="e">former owner.</marc:subfield><marc:subfield code="5">DFo</marc:subfield></marc:datafield><marc:datafield tag="700" ind1="1" ind2=" "><marc:subfield code="a">Roden, Robert Jocelyn,</marc:subfield><marc:subfield code="c">Earl of,</marc:subfield><marc:subfield code="d">1731-1797,</marc:subfield><marc:subfield code="e">former owner.</marc:subfield><marc:subfield code="5">DFo</marc:subfield></marc:datafield><marc:datafield tag="752" ind1=" " ind2=" "><marc:subfield code="a">England</marc:subfield><marc:subfield code="d">London.</marc:subfield></marc:datafield><marc:datafield tag="852" ind1=" " ind2=" "><marc:subfield code="a">DFo</marc:subfield><marc:subfield code="j">STC 9996 Copy 1 Part 1</marc:subfield><marc:subfield code="8">1</marc:subfield></marc:datafield><marc:datafield tag="859" ind1=" " ind2=" "><marc:subfield code="p">N</marc:subfield><marc:subfield code="r">N</marc:subfield><marc:subfield code="l">DFo</marc:subfield><marc:subfield code="v">Y</marc:subfield><marc:subfield code="d">08-24-00</marc:subfield><marc:subfield code="c">SMT</marc:subfield><marc:subfield code="b">CLE</marc:subfield><marc:subfield code="d">02-20-04</marc:subfield><marc:subfield code="c">DJL</marc:subfield></marc:datafield><marc:datafield tag="876" ind1=" " ind2=" "><marc:subfield code="z">HH53/11. Imperfect: leaves 2A1-2A2, 2A4 wanting, supplied in ms.; parts of 'tabula' supplied in ms.; leaf v5 torn, affecting text; some leaves frayed and repaired; stained. Manuscript notes in brown ink throughout the volume; tipped in at front are: a leaf containing bibliographical information about the volume signed by George Bullen of the British Museum and 2 letters from Bullen to Sir Walter Elliott, all dated 1876; advertisement for &quot;Caxton Commemoration Volume&quot; with facsimile of a leaf of the Dits des philosophes, 1477 ed., inserted at end of the volume. In a later goatskin binding. Provenance: autographs in colophon: &quot;James Scott writer in Jedburgh 29 July 1747&quot; and &quot;Den[n]ys [...?]&quot;; inscription on n4v: 'Robert Renwick his Book' dated 1759 (most of the notes are in his hand); letter tipped in at front from previous owner William Oliver to 'Sir Walter Elliott K.C.S.I. of Wolfelee, Hawick', dated January 1874, offers speculation about other former owners; Sotheby sale, 29-30 April 1920:433; collated by Max Privett at Quaritch, 5 May 1920; George Henderson - William Oliver - Sir Walter Elliott - Harmsworth copy</marc:subfield></marc:datafield><marc:datafield tag="852" ind1=" " ind2=" "><marc:subfield code="a">DFo</marc:subfield><marc:subfield code="j">STC 9996 Copy 2 Part 1</marc:subfield><marc:subfield code="8">2</marc:subfield></marc:datafield><marc:datafield tag="859" ind1=" " ind2=" "><marc:subfield code="p">N</marc:subfield><marc:subfield code="r">N</marc:subfield><marc:subfield code="l">DFo</marc:subfield><marc:subfield code="v">Y</marc:subfield><marc:subfield code="d">06-16-99</marc:subfield><marc:subfield code="c">SMT</marc:subfield><marc:subfield code="b">SMT</marc:subfield><marc:subfield code="d">02-20-04</marc:subfield><marc:subfield code="c">DJL</marc:subfield></marc:datafield><marc:datafield tag="876" ind1=" " ind2=" "><marc:subfield code="z">HH53/12. Imperfect: wanting gathering 2A and leaves k2-3, t1,6; stained; some leaves torn and repaired. MS. notes in margins, sometimes cropped; MS. markings; words 'pope' and 'Thomas of Canterbury' crossed out in red pencil. In a later calf binding. Provenance: inscriptions: on a41r: 'John Wills [or Wiles?]; on s5v: 'Wiliam Whit'; on I4v: 'Thys his Thom p[er]kyns booke'; on front pastedown is printed label with shelfmark added in brown ink: 'Case B Shelf 13'; bookplate of Earl of Roden; Harmsworth copy</marc:subfield></marc:datafield><marc:datafield tag="998" ind1=" " ind2=" "><marc:subfield code="a">08/21/96</marc:subfield><marc:subfield code="t">c</marc:subfield><marc:subfield code="s">9114</marc:subfield><marc:subfield code="l">DCFG</marc:subfield><marc:subfield code="n">DFo</marc:subfield><marc:subfield code="w">DCFG96B1025</marc:subfield><marc:subfield code="d">05/20/96</marc:subfield><marc:subfield code="c">ML</marc:subfield><marc:subfield code="b">ML</marc:subfield></marc:datafield><marc:datafield tag="950" ind1=" " ind2=" "><marc:subfield code="l">RARE</marc:subfield><marc:subfield code="e">copy 1</marc:subfield><marc:subfield code="h">06/04/96 C</marc:subfield></marc:datafield></marc:record>