
<marc:record><marc:leader>02659cam a2200433 a 4500</marc:leader>
<marc:controlfield tag="001">90093</marc:controlfield>
<marc:controlfield tag="005">20110119170019.0</marc:controlfield><marc:controlfield tag="008">941116q14771483ne            001 0 lat d</marc:controlfield><marc:datafield tag="035" ind1=" " ind2=" "><marc:subfield code="9">DCFG94-B3460</marc:subfield></marc:datafield><marc:datafield tag="040" ind1=" " ind2=" "><marc:subfield code="a">DFo</marc:subfield><marc:subfield code="c">DFo</marc:subfield><marc:subfield code="e">dcrb</marc:subfield><marc:subfield code="d">UtOrBLW</marc:subfield></marc:datafield><marc:datafield tag="090" ind1=" " ind2=" "><marc:subfield code="b">INC G265</marc:subfield><marc:subfield code="f">cs43</marc:subfield><marc:subfield code="t">6̃50</marc:subfield><marc:subfield code="t">7̃55</marc:subfield><marc:subfield code="i">11/22/94 C</marc:subfield></marc:datafield><marc:datafield tag="130" ind1="0" ind2=" "><marc:subfield code="a">Gesta Romanorum.</marc:subfield></marc:datafield><marc:datafield tag="245" ind1="1" ind2="0"><marc:subfield code="a">Ex gestis Romano[rum] hystorie notabiles de viciis virtutibusq[ue] tractantes, cum applicationib[us] moralisatis [et] misticis, incipiunt feliciter.</marc:subfield></marc:datafield><marc:datafield tag="260" ind1=" " ind2=" "><marc:subfield code="a">[Louvain] :</marc:subfield><marc:subfield code="b">Impressit Ioannes de Westfalia alma in vniuersitate Louaniensi,</marc:subfield><marc:subfield code="c">[between 1477 and 1483]</marc:subfield></marc:datafield><marc:datafield tag="300" ind1=" " ind2=" "><marc:subfield code="a">[516] p. ;</marc:subfield><marc:subfield code="c">22 cm. (4to)</marc:subfield></marc:datafield><marc:datafield tag="500" ind1=" " ind2=" "><marc:subfield code="a">Place of publication and publisher statement from colophon (leaf 2h5r); date of publication from GW.</marc:subfield></marc:datafield><marc:datafield tag="500" ind1=" " ind2=" "><marc:subfield code="a">Signatures: a-x⁸, y-z⁶, 2a-2g⁸, 2h⁶, 2i-2k⁸ (2e4 signed 2e3).</marc:subfield></marc:datafield><marc:datafield tag="500" ind1=" " ind2=" "><marc:subfield code="a">Capital spaces.</marc:subfield></marc:datafield><marc:datafield tag="500" ind1=" " ind2=" "><marc:subfield code="a">Leaves a1 and 2h6 are blank.</marc:subfield></marc:datafield><marc:datafield tag="510" ind1="4" ind2=" "><marc:subfield code="a">BM 15th cent.,</marc:subfield><marc:subfield code="c">IX, p. 148 (IA.49256).</marc:subfield></marc:datafield><marc:datafield tag="510" ind1="4" ind2=" "><marc:subfield code="a">GW</marc:subfield><marc:subfield code="c">10883.</marc:subfield></marc:datafield><marc:datafield tag="510" ind1="4" ind2=" "><marc:subfield code="a">Polain</marc:subfield><marc:subfield code="c">1644.</marc:subfield></marc:datafield><marc:datafield tag="500" ind1=" " ind2=" "><marc:subfield code="a">Includes index.</marc:subfield></marc:datafield><marc:datafield tag="590" ind1=" " ind2=" "><marc:subfield code="a">Folger copy: leaves a1 and 2h6, blank, lacking; edges trimmed, slightly affecting manuscript notes.</marc:subfield></marc:datafield><marc:datafield tag="590" ind1=" " ind2=" "><marc:subfield code="a">First initial in blue with red penwork infill; other initials and paragraph marks at beginning of chapters provided in red paint throughout.</marc:subfield></marc:datafield><marc:datafield tag="590" ind1=" " ind2=" "><marc:subfield code="a">Early manuscript notes in English in brown ink at beginning of a selection of chapters, each giving a brief summary of the story contents; a list of English first names, on leaf p8v, all of them in cipher (with 1 to 5 cross-strokes on the letter p to represent a, e, i, o, u); a few drawings on leaves k8v and l1r; the word &quot;Pape&quot; has been crossed out on leaf m8v.</marc:subfield></marc:datafield><marc:datafield tag="590" ind1=" " ind2=" "><marc:subfield code="a">Sets of handwritten lines on verso of last leaf, with other notes and several ownership inscriptions reading &quot;Liber M. Ric. Stubbs&quot;, &quot;W[?] Halton&quot;, and &quot;... Thomas Goodwin est huius libri verus posseser&quot;; bookplate of Edward Shipperdson (no. 908 in the Sotheby sale catalog of his library, April 1887).</marc:subfield></marc:datafield><marc:datafield tag="590" ind1=" " ind2=" "><marc:subfield code="a">In a Russia leather binding; upper edge of leaf a2 (bearing inscription?) has been cut out; repaired.</marc:subfield></marc:datafield><marc:datafield tag="650" ind1=" " ind2="0"><marc:subfield code="a">Exempla.</marc:subfield></marc:datafield><marc:datafield tag="655" ind1=" " ind2="7"><marc:subfield code="a">Annotations (Provenance)</marc:subfield><marc:subfield code="2">rbprov</marc:subfield></marc:datafield><marc:datafield tag="655" ind1=" " ind2="7"><marc:subfield code="a">Russia leather bindings (Binding)</marc:subfield><marc:subfield code="2">rbbin</marc:subfield></marc:datafield><marc:datafield tag="700" ind1="1" ind2=" "><marc:subfield code="a">Goodwin, Thomas,</marc:subfield><marc:subfield code="e">former owner.</marc:subfield></marc:datafield><marc:datafield tag="700" ind1="1" ind2=" "><marc:subfield code="a">Stubbs, Richard,</marc:subfield><marc:subfield code="e">former owner.</marc:subfield></marc:datafield><marc:datafield tag="700" ind1="1" ind2=" "><marc:subfield code="a">Halton, W.,</marc:subfield><marc:subfield code="e">former owner.</marc:subfield></marc:datafield><marc:datafield tag="700" ind1="1" ind2=" "><marc:subfield code="a">Shipperdson, Edward,</marc:subfield><marc:subfield code="d">1781-1855,</marc:subfield><marc:subfield code="e">former owner.</marc:subfield></marc:datafield><marc:datafield tag="700" ind1="1" ind2=" "><marc:subfield code="a">Westfalia, Joannes de,</marc:subfield><marc:subfield code="d">fl. 1473-1499,</marc:subfield><marc:subfield code="e">printer.</marc:subfield></marc:datafield><marc:datafield tag="752" ind1="1" ind2="0"><marc:subfield code="d">Louvain.</marc:subfield></marc:datafield><marc:datafield tag="950" ind1=" " ind2=" "><marc:subfield code="l">RARE</marc:subfield><marc:subfield code="i">11/22/94 C</marc:subfield></marc:datafield><marc:datafield tag="998" ind1=" " ind2=" "><marc:subfield code="a">11/22/94</marc:subfield><marc:subfield code="t">c</marc:subfield><marc:subfield code="s">9114</marc:subfield><marc:subfield code="n">DFo</marc:subfield><marc:subfield code="w">DCFG94B3460</marc:subfield><marc:subfield code="d">11/16/94</marc:subfield><marc:subfield code="c">ML</marc:subfield><marc:subfield code="b">MT</marc:subfield><marc:subfield code="l">DCFG</marc:subfield></marc:datafield></marc:record>