
<marc:record><marc:leader>03091cam a2200457 a 4500</marc:leader>
<marc:controlfield tag="001">89640</marc:controlfield>
<marc:controlfield tag="005">20120821153537.0</marc:controlfield><marc:controlfield tag="008">940309s1480    fr            000 0 lat d</marc:controlfield><marc:datafield tag="035" ind1=" " ind2=" "><marc:subfield code="9">DCFG94-B1096</marc:subfield></marc:datafield><marc:datafield tag="040" ind1=" " ind2=" "><marc:subfield code="a">DFo</marc:subfield><marc:subfield code="c">DFo</marc:subfield><marc:subfield code="e">dcrb</marc:subfield><marc:subfield code="d">UtOrBLW</marc:subfield></marc:datafield><marc:datafield tag="090" ind1=" " ind2=" "><marc:subfield code="b">INC B117</marc:subfield><marc:subfield code="f">cs1505</marc:subfield><marc:subfield code="t">6̃50</marc:subfield><marc:subfield code="t">7̃55</marc:subfield><marc:subfield code="t">7̃97-1</marc:subfield><marc:subfield code="i">10/05/95 N</marc:subfield><marc:subfield code="h">12/06/94 X</marc:subfield><marc:subfield code="h">11/14/94 X</marc:subfield><marc:subfield code="h">03/28/94 C</marc:subfield></marc:datafield><marc:datafield tag="240" ind1="1" ind2="0"><marc:subfield code="a">De proprietatibus rerum</marc:subfield></marc:datafield><marc:datafield tag="245" ind1="1" ind2="0"><marc:subfield code="a">Incipit Prohemium De proprietatib[us] rerum Fratris Bartholomei Anglici de ordine Fratrum Mino[rum].</marc:subfield></marc:datafield><marc:datafield tag="260" ind1=" " ind2=" "><marc:subfield code="a">[Lyon] :</marc:subfield><marc:subfield code="b">Impressus per Nicolau[m] Pistoris de Bens[s]heym et Marcum Reinhardi de Argentina socios,</marc:subfield><marc:subfield code="c">sub anno D[omi]ni millesimoquadringe[n]tesimo octogesimo [1480], die vero Iulij xxix.</marc:subfield></marc:datafield><marc:datafield tag="300" ind1=" " ind2=" "><marc:subfield code="a">[644] p. ;</marc:subfield><marc:subfield code="c">31 cm. (fol.)</marc:subfield></marc:datafield><marc:datafield tag="500" ind1=" " ind2=" "><marc:subfield code="a">Title from incipit (leaf a2r).</marc:subfield></marc:datafield><marc:datafield tag="500" ind1=" " ind2=" "><marc:subfield code="a">Publisher statement and date of publication from colophon (leaf H7v); the printers were active in Lyon.</marc:subfield></marc:datafield><marc:datafield tag="500" ind1=" " ind2=" "><marc:subfield code="a">Signatures: a-i¹⁰, k-l⁸, L⁸, m-x¹⁰, y-z⁸, [et]⁸, [con]⁸, A-F¹⁰, G-H⁸ ([con]4 signed [et]4; d4 unsigned).</marc:subfield></marc:datafield><marc:datafield tag="500" ind1=" " ind2=" "><marc:subfield code="a">Printed in 2 columns.</marc:subfield></marc:datafield><marc:datafield tag="500" ind1=" " ind2=" "><marc:subfield code="a">Capital spaces with guide letters.</marc:subfield></marc:datafield><marc:datafield tag="500" ind1=" " ind2=" "><marc:subfield code="a">The 1st and last leaves are blank.</marc:subfield></marc:datafield><marc:datafield tag="510" ind1="4" ind2=" "><marc:subfield code="a">Goff</marc:subfield><marc:subfield code="c">B-132.</marc:subfield></marc:datafield><marc:datafield tag="510" ind1="4" ind2=" "><marc:subfield code="a">BM 15th cent.,</marc:subfield><marc:subfield code="c">VIII, p. 245 (IB.41584).</marc:subfield></marc:datafield><marc:datafield tag="510" ind1="4" ind2=" "><marc:subfield code="a">GW</marc:subfield><marc:subfield code="c">3404.</marc:subfield></marc:datafield><marc:datafield tag="590" ind1=" " ind2=" "><marc:subfield code="a">Folger copy: initials, paragraph marks, and capital strokes provided in red paint; large figurative initial with penwork on leaf a2r.</marc:subfield></marc:datafield><marc:datafield tag="590" ind1=" " ind2=" "><marc:subfield code="a">Manuscript addition of the German translation in the title of some paragraphs; also correction of errors in heading and signature; a note on leaves k1r (&quot;De gutta sciatica&quot;), x1v (&quot;De esula&quot;), and s10r (&quot;De lapidibus et metallis&quot;); dried plant between leaves y6 and y7, and evidence of another on leaf y5r.</marc:subfield></marc:datafield><marc:datafield tag="590" ind1=" " ind2=" "><marc:subfield code="a">Ownership inscription on leaf a2r: Can: Reg: Mon[aste]rij Waldsee.</marc:subfield></marc:datafield><marc:datafield tag="590" ind1=" " ind2=" "><marc:subfield code="a">Contemporary pigskin binding, blind tooled with stamps of phoenix, lamb and the 4 Evangelists' symbols (Kyriss 162) from Weissenau. Cf. Schwenke-Schunke Evangelisten-Symbole 39, Lamm 74, Phönix 2, Schrift 324. Evidence of 2 clasps; manuscript vellum fragments used as spine reinforcement and guards; handwritten shelfmark &quot;3 3063&quot; and inscription &quot;Bartholoma[eus] Anglicus De proprietatibus&quot; on spine; some worming; repaired; in a tailored box; too fragile to microfilm.</marc:subfield></marc:datafield><marc:datafield tag="590" ind1=" " ind2=" "><marc:subfield code="a">Purchased in 1926.</marc:subfield></marc:datafield><marc:datafield tag="650" ind1=" " ind2="0"><marc:subfield code="a">Natural history</marc:subfield><marc:subfield code="v">Pre-Linnean works.</marc:subfield></marc:datafield><marc:datafield tag="655" ind1=" " ind2="7"><marc:subfield code="a">Pigskin bindings (Binding)</marc:subfield><marc:subfield code="z">Germany</marc:subfield><marc:subfield code="z">Weissenau</marc:subfield><marc:subfield code="y">15th century</marc:subfield><marc:subfield code="2">rbbin</marc:subfield></marc:datafield><marc:datafield tag="655" ind1=" " ind2="7"><marc:subfield code="a">Manuscript waste (Binding)</marc:subfield><marc:subfield code="2">rbbin</marc:subfield></marc:datafield><marc:datafield tag="710" ind1="2" ind2=" "><marc:subfield code="a">Prämonstratenserabtei Weissenau,</marc:subfield><marc:subfield code="e">binder.</marc:subfield></marc:datafield><marc:datafield tag="710" ind1="2" ind2=" "><marc:subfield code="a">Bad Waldsee.</marc:subfield><marc:subfield code="b">Augustinian Canons,</marc:subfield><marc:subfield code="e">former owner.</marc:subfield></marc:datafield><marc:datafield tag="700" ind1="1" ind2=" "><marc:subfield code="a">Philippi, Nicolas,</marc:subfield><marc:subfield code="d">fl. 1477-1487?,</marc:subfield><marc:subfield code="e">printer.</marc:subfield></marc:datafield><marc:datafield tag="700" ind1="1" ind2=" "><marc:subfield code="a">Reinhard, Mark,</marc:subfield><marc:subfield code="d">fl. 1477-1491,</marc:subfield><marc:subfield code="e">printer.</marc:subfield></marc:datafield><marc:datafield tag="752" ind1="1" ind2="0"><marc:subfield code="d">Lyon.</marc:subfield></marc:datafield><marc:datafield tag="100" ind1="0" ind2=" "><marc:subfield code="a">Bartholomaeus,</marc:subfield><marc:subfield code="c">Anglicus,</marc:subfield><marc:subfield code="d">13th cent.</marc:subfield></marc:datafield><marc:datafield tag="856" ind1="4" ind2="1"><marc:subfield code="u">http://luna.folger.edu/luna/servlet/s/va467w</marc:subfield><marc:subfield code="z">Binding images and description for Folger Shakespeare Library INC B117</marc:subfield></marc:datafield><marc:datafield tag="950" ind1=" " ind2=" "><marc:subfield code="l">RARE</marc:subfield><marc:subfield code="h">03/28/94 C</marc:subfield></marc:datafield><marc:datafield tag="998" ind1=" " ind2=" "><marc:subfield code="a">10/05/95</marc:subfield><marc:subfield code="t">c</marc:subfield><marc:subfield code="s">9114</marc:subfield><marc:subfield code="n">DFo</marc:subfield><marc:subfield code="w">DCFG94B1096</marc:subfield><marc:subfield code="d">03/09/94</marc:subfield><marc:subfield code="c">ML</marc:subfield><marc:subfield code="b">MT</marc:subfield><marc:subfield code="l">DCFG</marc:subfield></marc:datafield></marc:record>