
<marc:record><marc:leader>03185cam a2200505 a 4500</marc:leader>
<marc:controlfield tag="001">76170</marc:controlfield>
<marc:controlfield tag="005">20110119165329.0</marc:controlfield><marc:controlfield tag="008">870410s1499    fr            000 0 lat  </marc:controlfield><marc:datafield tag="010" ind1=" " ind2=" "><marc:subfield code="a">   73221571 </marc:subfield></marc:datafield><marc:datafield tag="035" ind1=" " ind2=" "><marc:subfield code="9">DCFG87-B405</marc:subfield></marc:datafield><marc:datafield tag="040" ind1=" " ind2=" "><marc:subfield code="c">CSt</marc:subfield><marc:subfield code="d">CSt</marc:subfield><marc:subfield code="d">DFo</marc:subfield><marc:subfield code="e">dcrb</marc:subfield><marc:subfield code="d">UtOrBLW</marc:subfield></marc:datafield><marc:datafield tag="050" ind1="0" ind2="0"><marc:subfield code="a">Incun. 1499</marc:subfield><marc:subfield code="b">.P64</marc:subfield><marc:subfield code="a">PA8563.E</marc:subfield></marc:datafield><marc:datafield tag="090" ind1=" " ind2=" "><marc:subfield code="b">INC E73</marc:subfield><marc:subfield code="t">6̃00</marc:subfield><marc:subfield code="t">6̃50</marc:subfield><marc:subfield code="t">6̃55</marc:subfield><marc:subfield code="t">7̃00</marc:subfield><marc:subfield code="t">7̃40</marc:subfield><marc:subfield code="t">7̃96-3</marc:subfield><marc:subfield code="t">7̃96-4</marc:subfield><marc:subfield code="t">7̃96-5</marc:subfield><marc:subfield code="t">7̃97-2</marc:subfield><marc:subfield code="t">7̃99</marc:subfield><marc:subfield code="i">10/14/94 C</marc:subfield><marc:subfield code="h">04/16/87 CZ</marc:subfield></marc:datafield><marc:datafield tag="100" ind1="1" ind2=" "><marc:subfield code="a">Poliziano, Angelo,</marc:subfield><marc:subfield code="d">1454-1494.</marc:subfield></marc:datafield><marc:datafield tag="240" ind1="1" ind2="0"><marc:subfield code="a">Correspondence</marc:subfield></marc:datafield><marc:datafield tag="245" ind1="1" ind2="0"><marc:subfield code="a">Illustrium viroru[m] epistole ...</marc:subfield></marc:datafield><marc:datafield tag="246" ind1="3" ind2="3"><marc:subfield code="a">Epistolae illustrium virorum</marc:subfield></marc:datafield><marc:datafield tag="260" ind1=" " ind2=" "><marc:subfield code="a">[Lyons] :</marc:subfield><marc:subfield code="b">Hoc opus dilige[n]ter impressum est anno a natali christiano .M.ccccxcix. ad Idus Februarias. in officina Nicolai Vvolf Lutrien[sis] ...,</marc:subfield><marc:subfield code="c">[13 Feb. 1499]</marc:subfield></marc:datafield><marc:datafield tag="300" ind1=" " ind2=" "><marc:subfield code="a">[168] p. ;</marc:subfield><marc:subfield code="c">29 cm. (fol.)</marc:subfield></marc:datafield><marc:datafield tag="500" ind1=" " ind2=" "><marc:subfield code="a">Consists mainly of letters by, or addressed to, Angelo Poliziano, and some by Ermolao Barbaro.</marc:subfield></marc:datafield><marc:datafield tag="500" ind1=" " ind2=" "><marc:subfield code="a">Edited by Josse Badius.</marc:subfield></marc:datafield><marc:datafield tag="500" ind1=" " ind2=" "><marc:subfield code="a">Imprint from colophon; the printer, Nicolaus Wolff, was located in Lyons.</marc:subfield></marc:datafield><marc:datafield tag="500" ind1=" " ind2=" "><marc:subfield code="a">Signatures: a-o⁶.</marc:subfield></marc:datafield><marc:datafield tag="500" ind1=" " ind2=" "><marc:subfield code="a">Capital spaces with guide letters.</marc:subfield></marc:datafield><marc:datafield tag="510" ind1="4" ind2=" "><marc:subfield code="a">BM 15th cent.</marc:subfield><marc:subfield code="c">VIII, p. 330 (IB 42192).</marc:subfield></marc:datafield><marc:datafield tag="510" ind1="4" ind2=" "><marc:subfield code="a">GW</marc:subfield><marc:subfield code="c">9368.</marc:subfield></marc:datafield><marc:datafield tag="510" ind1="4" ind2=" "><marc:subfield code="a">Goff</marc:subfield><marc:subfield code="c">E-98.</marc:subfield></marc:datafield><marc:datafield tag="590" ind1=" " ind2=" "><marc:subfield code="a">Initials rubricated in red (large initials in red and purple); ruled in purple, with underlining in same color on t.p. and headings in text.</marc:subfield></marc:datafield><marc:datafield tag="590" ind1=" " ind2=" "><marc:subfield code="a">Some early manuscript notes in brown ink, with fists, underlining, brackets and signes-de-renvoi; a few corrections in text; unevenly printed letters filled in by hand in text; the words &quot;veneres: venerũqz&quot; have been crossed out in brown ink in the 5th line of the title.</marc:subfield></marc:datafield><marc:datafield tag="590" ind1=" " ind2=" "><marc:subfield code="a">Early inscription in colophon: &quot;Mej Hieronymi Paganjs [...?] Scolaris empt[us] a su[...?]o p[...?]o [...?] sine ligatura [...?] ligatura ad[...?]&quot;; other inscription on t.p. &quot;Biblioth: collegij S. Barnab[a]e Mediolani&quot;; bookstamp &quot;Comes Hercules Silva&quot; on t.p.; autograph of H.C. Hoskier on front flyleaf, with his notes, his provenance &quot;A. Claudin&quot; followed by defaced number, and his date &quot;Jan. 1903&quot; (no. 306 in the Sotheby sale catalog of his Library, June 1908); bookplate of W.T. Smedley; purchased in 1924.</marc:subfield></marc:datafield><marc:datafield tag="590" ind1=" " ind2=" "><marc:subfield code="a">Upper pt. of words from the title (?) inscribed on lower-edge in brown ink, reading from spine to fore-edge, showing evidence of the work being previously bound with other items; rebound.</marc:subfield></marc:datafield><marc:datafield tag="650" ind1=" " ind2="0"><marc:subfield code="a">Latin letters.</marc:subfield></marc:datafield><marc:datafield tag="600" ind1="1" ind2="0"><marc:subfield code="a">Poliziano, Angelo,</marc:subfield><marc:subfield code="d">1454-1494.</marc:subfield><marc:subfield code="t">Correspondence.</marc:subfield></marc:datafield><marc:datafield tag="655" ind1=" " ind2="7"><marc:subfield code="a">Courtesy books.</marc:subfield><marc:subfield code="2">rbgenr</marc:subfield></marc:datafield><marc:datafield tag="655" ind1=" " ind2="7"><marc:subfield code="a">Annotations (Provenance)</marc:subfield><marc:subfield code="2">rbprov</marc:subfield></marc:datafield><marc:datafield tag="700" ind1="1" ind2=" "><marc:subfield code="a">Badius, Josse,</marc:subfield><marc:subfield code="d">1462-1535.</marc:subfield></marc:datafield><marc:datafield tag="700" ind1="1" ind2=" "><marc:subfield code="a">Paganis, Hieronymus,</marc:subfield><marc:subfield code="e">former owner.</marc:subfield></marc:datafield><marc:datafield tag="710" ind1="2" ind2=" "><marc:subfield code="a">Collegium Sancti Barnabae (Milan, Italy),</marc:subfield><marc:subfield code="e">former owner.</marc:subfield></marc:datafield><marc:datafield tag="700" ind1="1" ind2=" "><marc:subfield code="a">Silva, Ercole,</marc:subfield><marc:subfield code="d">1756-1840,</marc:subfield><marc:subfield code="e">former owner.</marc:subfield></marc:datafield><marc:datafield tag="700" ind1="1" ind2=" "><marc:subfield code="a">Hoskier, H. C.</marc:subfield><marc:subfield code="q">(Herman Charles),</marc:subfield><marc:subfield code="d">1864-1938,</marc:subfield><marc:subfield code="e">former owner.</marc:subfield></marc:datafield><marc:datafield tag="700" ind1="1" ind2=" "><marc:subfield code="a">Smedley, William T.</marc:subfield><marc:subfield code="q">(William Thomas),</marc:subfield><marc:subfield code="d">b. 1851,</marc:subfield><marc:subfield code="e">former owner.</marc:subfield></marc:datafield><marc:datafield tag="700" ind1="1" ind2=" "><marc:subfield code="a">Wolff, Nicolaus,</marc:subfield><marc:subfield code="d">fl. 1494-1515,</marc:subfield><marc:subfield code="e">printer.</marc:subfield></marc:datafield><marc:datafield tag="752" ind1="1" ind2="0"><marc:subfield code="d">Lyons.</marc:subfield></marc:datafield><marc:datafield tag="950" ind1=" " ind2=" "><marc:subfield code="l">RARE</marc:subfield><marc:subfield code="i">10/14/94 RL</marc:subfield><marc:subfield code="h">04/16/87 C</marc:subfield></marc:datafield><marc:datafield tag="998" ind1=" " ind2=" "><marc:subfield code="a">10/14/94</marc:subfield><marc:subfield code="t">c</marc:subfield><marc:subfield code="s">9118</marc:subfield><marc:subfield code="n">DFo</marc:subfield><marc:subfield code="w">DCFG87B405</marc:subfield><marc:subfield code="d">04/10/87</marc:subfield><marc:subfield code="c">HFR</marc:subfield><marc:subfield code="b">MT</marc:subfield><marc:subfield code="l">DCFG</marc:subfield></marc:datafield></marc:record>