
<marc:record><marc:leader>03807cam a2200469 a 4500</marc:leader>
<marc:controlfield tag="001">90178</marc:controlfield>
<marc:controlfield tag="005">20110119170021.0</marc:controlfield><marc:controlfield tag="008">950103s1475    it            000 0 lat d</marc:controlfield><marc:datafield tag="035" ind1=" " ind2=" "><marc:subfield code="9">DCFG95-B12</marc:subfield></marc:datafield><marc:datafield tag="040" ind1=" " ind2=" "><marc:subfield code="a">DFo</marc:subfield><marc:subfield code="c">DFo</marc:subfield><marc:subfield code="e">dcrb</marc:subfield><marc:subfield code="d">UtOrBLW</marc:subfield></marc:datafield><marc:datafield tag="090" ind1=" " ind2=" "><marc:subfield code="b">INC H144</marc:subfield><marc:subfield code="t">7̃40</marc:subfield><marc:subfield code="i">03/09/95 N</marc:subfield><marc:subfield code="h">01/20/95 C</marc:subfield></marc:datafield><marc:datafield tag="240" ind1="1" ind2="0"><marc:subfield code="a">Aureola ex floribus S. Hieronymi contexta</marc:subfield></marc:datafield><marc:datafield tag="245" ind1="1" ind2="0"><marc:subfield code="a">Hec sunt rubrice quaternionu[m] Flosculoru[m] &amp; Transitus Sancti Hyeronimi doctoris eximii &amp; Miraculoru[m] &amp; quaru[n]dam Ep[isto]larum Sancti Augustini de laudibus Sancti Hyeronimi ad Cyrilum Ep[iscopu]m Yponensem &amp; Cyrilii ad Augustinum.</marc:subfield></marc:datafield><marc:datafield tag="260" ind1=" " ind2=" "><marc:subfield code="a">[Milan] :</marc:subfield><marc:subfield code="b">Imp[re]ssum p[er] magistru[m] Philippum de Lauagnia i.cccc.lxxv. [i.e. 1475] die xxviii Noue[m]br.</marc:subfield></marc:datafield><marc:datafield tag="300" ind1=" " ind2=" "><marc:subfield code="a">[350] p. ;</marc:subfield><marc:subfield code="c">21 cm. (8vo)</marc:subfield></marc:datafield><marc:datafield tag="500" ind1=" " ind2=" "><marc:subfield code="a">Title from end of register (recto of last leaf).</marc:subfield></marc:datafield><marc:datafield tag="500" ind1=" " ind2=" "><marc:subfield code="a">The Aureola is the work elsewhere attributed to Lupus de Oliveto (or Olmeto) with title Regula monachorum ex Epistolis Hieronymi excerpta. Cf. B. Lambert, Bibliotheca Hieronymiana manuscripta, IIIb (Steenbrugis, 1970) no. 552; Sack, V. Freiburg, 2294. The 'editorship' of Thomas Dorniberg seems to apply only to the Speyer edition, where Dorniberg states that this selection from Jerome's writings was made by an anonymous compiler (cf. BM 15th cent., II p. 482).</marc:subfield></marc:datafield><marc:datafield tag="500" ind1=" " ind2=" "><marc:subfield code="a">Includes Vita et transitus Hieronymi (i.e. Eusebius of Cremona's Epistola de morte Hieronymi), St. Augustine's Epistola de magnificentiis Hieronymi, and St. Cyril's De miraculis Hieronymi.</marc:subfield></marc:datafield><marc:datafield tag="500" ind1=" " ind2=" "><marc:subfield code="a">Imprint from colophon (leaf [y]8r); Filippo da Lavagna was active in Milan.</marc:subfield></marc:datafield><marc:datafield tag="500" ind1=" " ind2=" "><marc:subfield code="a">Signatures: [a]-[m]⁸, [n]⁶(-n4), [o]-[y]⁸, [z]².</marc:subfield></marc:datafield><marc:datafield tag="510" ind1="4" ind2=" "><marc:subfield code="a">Goff</marc:subfield><marc:subfield code="c">H-157.</marc:subfield></marc:datafield><marc:datafield tag="510" ind1="4" ind2=" "><marc:subfield code="a">BM 15th cent.,</marc:subfield><marc:subfield code="c">VI, p. 702 (IA.26116).</marc:subfield></marc:datafield><marc:datafield tag="510" ind1="4" ind2=" "><marc:subfield code="a">BN incun.,</marc:subfield><marc:subfield code="c">H-93.</marc:subfield></marc:datafield><marc:datafield tag="510" ind1="4" ind2=" "><marc:subfield code="a">IGI</marc:subfield><marc:subfield code="c">3577.</marc:subfield></marc:datafield><marc:datafield tag="590" ind1=" " ind2=" "><marc:subfield code="a">Folger copy: the 1st work contains manuscript finding notes and signes-de-renvoi, most of them in red (some faded from washing of leaves) giving references to Jerome's works and letters; a few fists and notes in brown ink in the &quot;Testamentum&quot;; manuscript numbering of leaves throughout the book reading &quot;1-c75&quot; (with some errors corrected) and corresponding numbers added in manuscript to the table of the &quot;Testamentum&quot;.</marc:subfield></marc:datafield><marc:datafield tag="590" ind1=" " ind2=" "><marc:subfield code="a">Manuscript note at foot of leaf [a]1 &quot;Ad vsu[m] Fran[cis]ci [splti?] Laud. Pbr. amicho[rum] q[ue] nunc pbĩ Antonij Guerana eius nepotis&quot;; autograph, notes, and prices on front free endpaper of Michael Wodhull (no. 1278 in the Sotheby sale catalog of his library, Jan. 1886) with his provenance &quot;Pinelli Auction&quot; (no. 1472 (?) in the Pinelli sale catalog, March 1789) and his dates &quot;Apr: 18th 1789&quot; and &quot;Feb: 4th 1795&quot; at beginning and at end of the book; bookplates of Charles Butler (no. 546 in the Sotheby sale catalog of his library, Apr. 1911) and of W.T. Smedley; purchased in 1924.</marc:subfield></marc:datafield><marc:datafield tag="655" ind1=" " ind2="7"><marc:subfield code="a">Annotations (Provenance)</marc:subfield><marc:subfield code="2">rbprov</marc:subfield></marc:datafield><marc:datafield tag="740" ind1="0" ind2=" "><marc:subfield code="a">Vita et transitus Sancti Hieronymi.</marc:subfield></marc:datafield><marc:datafield tag="740" ind1="0" ind2=" "><marc:subfield code="a">Regula monachorum ex Epistolis Hieronymi excerpta.</marc:subfield></marc:datafield><marc:datafield tag="710" ind1="2" ind2=" "><marc:subfield code="a">Pinelli Library (Venice, Italy),</marc:subfield><marc:subfield code="e">former owner.</marc:subfield></marc:datafield><marc:datafield tag="700" ind1="1" ind2=" "><marc:subfield code="a">Wodhull, Michael,</marc:subfield><marc:subfield code="d">1740-1816,</marc:subfield><marc:subfield code="e">former owner.</marc:subfield></marc:datafield><marc:datafield tag="700" ind1="1" ind2=" "><marc:subfield code="a">Butler, Charles,</marc:subfield><marc:subfield code="d">1821-1910,</marc:subfield><marc:subfield code="e">former owner.</marc:subfield></marc:datafield><marc:datafield tag="700" ind1="1" ind2=" "><marc:subfield code="a">Smedley, William T.</marc:subfield><marc:subfield code="q">(William Thomas),</marc:subfield><marc:subfield code="d">b. 1851,</marc:subfield><marc:subfield code="e">former owner.</marc:subfield></marc:datafield><marc:datafield tag="700" ind1="1" ind2=" "><marc:subfield code="a">Guerana, Antonius,</marc:subfield><marc:subfield code="e">former owner.</marc:subfield></marc:datafield><marc:datafield tag="700" ind1="1" ind2=" "><marc:subfield code="a">Lavagna, Filippo da,</marc:subfield><marc:subfield code="e">printer.</marc:subfield></marc:datafield><marc:datafield tag="752" ind1="1" ind2="0"><marc:subfield code="d">Milan.</marc:subfield></marc:datafield><marc:datafield tag="100" ind1="0" ind2=" "><marc:subfield code="a">Jerome,</marc:subfield><marc:subfield code="c">Saint,</marc:subfield><marc:subfield code="d">d. 419 or 20.</marc:subfield></marc:datafield><marc:datafield tag="700" ind1="0" ind2="2"><marc:subfield code="a">Eusebius,</marc:subfield><marc:subfield code="c">of Cremona, Saint,</marc:subfield><marc:subfield code="d">d. ca. 423.</marc:subfield><marc:subfield code="t">Epistola ad Damasium.</marc:subfield><marc:subfield code="f">1475.</marc:subfield></marc:datafield><marc:datafield tag="700" ind1="0" ind2="2"><marc:subfield code="a">Cyril,</marc:subfield><marc:subfield code="c">Saint, Bishop of Jerusalem,</marc:subfield><marc:subfield code="d">ca. 315-386.</marc:subfield><marc:subfield code="t">Epistola ad Augustinum.</marc:subfield><marc:subfield code="f">1475.</marc:subfield></marc:datafield><marc:datafield tag="700" ind1="0" ind2="2"><marc:subfield code="a">Augustine,</marc:subfield><marc:subfield code="c">Saint, Bishop of Hippo.</marc:subfield><marc:subfield code="t">Epistola ad Cyrillum.</marc:subfield><marc:subfield code="f">1475.</marc:subfield></marc:datafield><marc:datafield tag="950" ind1=" " ind2=" "><marc:subfield code="l">RARE</marc:subfield><marc:subfield code="h">01/20/95 C</marc:subfield></marc:datafield><marc:datafield tag="998" ind1=" " ind2=" "><marc:subfield code="a">03/09/95</marc:subfield><marc:subfield code="t">c</marc:subfield><marc:subfield code="s">9114</marc:subfield><marc:subfield code="n">DFo</marc:subfield><marc:subfield code="w">DCFG95B12</marc:subfield><marc:subfield code="d">01/03/95</marc:subfield><marc:subfield code="c">ML</marc:subfield><marc:subfield code="b">MT</marc:subfield><marc:subfield code="l">DCFG</marc:subfield></marc:datafield></marc:record>