
<marc:record><marc:leader>01678cam a2200385 a 4500</marc:leader>
<marc:controlfield tag="001">90750</marc:controlfield>
<marc:controlfield tag="005">20110119170052.0</marc:controlfield><marc:controlfield tag="008">960409s1495    it            000 0 ita d</marc:controlfield><marc:datafield tag="010" ind1=" " ind2=" "><marc:subfield code="a">   76528019 </marc:subfield></marc:datafield><marc:datafield tag="035" ind1=" " ind2=" "><marc:subfield code="a">(CStRLIN)DCFG96-B599</marc:subfield></marc:datafield><marc:datafield tag="040" ind1=" " ind2=" "><marc:subfield code="a">UPB</marc:subfield><marc:subfield code="c">UPB</marc:subfield><marc:subfield code="d">DFo</marc:subfield><marc:subfield code="e">dcrb</marc:subfield><marc:subfield code="d">UtOrBLW</marc:subfield></marc:datafield><marc:datafield tag="050" ind1="0" ind2="0"><marc:subfield code="a">Incun. 1495</marc:subfield><marc:subfield code="b">.V56 PQ4664.V56</marc:subfield></marc:datafield><marc:datafield tag="090" ind1=" " ind2=" "><marc:subfield code="b">\INC\V239</marc:subfield><marc:subfield code="f">cs1793</marc:subfield><marc:subfield code="i">02/02/01 X</marc:subfield><marc:subfield code="h">04/30/96 C</marc:subfield></marc:datafield><marc:datafield tag="100" ind1="1" ind2=" "><marc:subfield code="a">Visconti, Gaspare,</marc:subfield><marc:subfield code="d">1461-1499.</marc:subfield></marc:datafield><marc:datafield tag="240" ind1="1" ind2="0"><marc:subfield code="a">De Paulo e Daria amanti</marc:subfield></marc:datafield><marc:datafield tag="245" ind1="1" ind2="0"><marc:subfield code="a">De Paulo e Daria amanti.</marc:subfield></marc:datafield><marc:datafield tag="246" ind1="3" ind2=" "><marc:subfield code="a">De pavlo e Daria amanti</marc:subfield></marc:datafield><marc:datafield tag="260" ind1=" " ind2=" "><marc:subfield code="a">[Milano] :</marc:subfield><marc:subfield code="b">Impresso per magistro Philippo Mantegatio dicto el Cassano in la excelle[n]tissima citade de Milano,</marc:subfield><marc:subfield code="c">nel anno 1495 a di primo de aprile.</marc:subfield></marc:datafield><marc:datafield tag="300" ind1=" " ind2=" "><marc:subfield code="a">[224] p. ;</marc:subfield><marc:subfield code="c">20 cm. (4to)</marc:subfield></marc:datafield><marc:datafield tag="500" ind1=" " ind2=" "><marc:subfield code="a">By Gaspare Visconti.</marc:subfield></marc:datafield><marc:datafield tag="500" ind1=" " ind2=" "><marc:subfield code="a">Imprint from colophon (leaf o4v).</marc:subfield></marc:datafield><marc:datafield tag="500" ind1=" " ind2=" "><marc:subfield code="a">Signatures: a¹⁰ b-n⁸ o⁶ (o2 unsigned).</marc:subfield></marc:datafield><marc:datafield tag="500" ind1=" " ind2=" "><marc:subfield code="a">Capital space with guide letter at beginning of each book.</marc:subfield></marc:datafield><marc:datafield tag="500" ind1=" " ind2=" "><marc:subfield code="a">Indented text.</marc:subfield></marc:datafield><marc:datafield tag="510" ind1="4" ind2=" "><marc:subfield code="a">Goff</marc:subfield><marc:subfield code="c">V-266</marc:subfield></marc:datafield><marc:datafield tag="510" ind1="4" ind2=" "><marc:subfield code="a">BM 15th cent.,</marc:subfield><marc:subfield code="c">VI, p. 787 (IA.26841)</marc:subfield></marc:datafield><marc:datafield tag="510" ind1="4" ind2=" "><marc:subfield code="a">Hain-Copinger-Reichling</marc:subfield><marc:subfield code="c">16077</marc:subfield></marc:datafield><marc:datafield tag="590" ind1=" " ind2=" "><marc:subfield code="a">Folger copy: arms of Christie Miller gold tooled on both covers (not located in the Sotheby sale catalog of the Britwell Court Library); purchased in 1928.</marc:subfield></marc:datafield><marc:datafield tag="590" ind1=" " ind2=" "><marc:subfield code="a">Folger copy: in a modern brown morocco binding, gold tooled, with gilt edges (W. Pratt).</marc:subfield></marc:datafield><marc:datafield tag="700" ind1="1" ind2=" "><marc:subfield code="a">Pratt, W.,</marc:subfield><marc:subfield code="e">binder.</marc:subfield><marc:subfield code="5">DFo</marc:subfield></marc:datafield><marc:datafield tag="710" ind1="2" ind2=" "><marc:subfield code="a">Britwell Court Library,</marc:subfield><marc:subfield code="e">former owner.</marc:subfield><marc:subfield code="5">DFo</marc:subfield></marc:datafield><marc:datafield tag="700" ind1="1" ind2=" "><marc:subfield code="a">Mantegazzi, Filippo,</marc:subfield><marc:subfield code="d">fl. 1490-1499,</marc:subfield><marc:subfield code="e">printer.</marc:subfield></marc:datafield><marc:datafield tag="752" ind1=" " ind2=" "><marc:subfield code="a">Italy</marc:subfield><marc:subfield code="d">Milan.</marc:subfield></marc:datafield><marc:datafield tag="998" ind1=" " ind2=" "><marc:subfield code="a">02/02/01</marc:subfield><marc:subfield code="t">c</marc:subfield><marc:subfield code="s">9115</marc:subfield><marc:subfield code="l">DCFG</marc:subfield><marc:subfield code="n">DFo</marc:subfield><marc:subfield code="w">DCFG96B599</marc:subfield><marc:subfield code="d">04/09/96</marc:subfield><marc:subfield code="c">ML</marc:subfield><marc:subfield code="b">ML</marc:subfield></marc:datafield><marc:datafield tag="950" ind1=" " ind2=" "><marc:subfield code="l">RARE</marc:subfield><marc:subfield code="h">04/30/96 C</marc:subfield></marc:datafield></marc:record>