
<marc:record><marc:leader>02675cam a2200397 a 4500</marc:leader>
<marc:controlfield tag="001">89647</marc:controlfield>
<marc:controlfield tag="005">20110119165957.0</marc:controlfield><marc:controlfield tag="008">940314s1483    gw            000 0 lat d</marc:controlfield><marc:datafield tag="035" ind1=" " ind2=" "><marc:subfield code="9">DCFG94-B1175</marc:subfield></marc:datafield><marc:datafield tag="040" ind1=" " ind2=" "><marc:subfield code="a">DFo</marc:subfield><marc:subfield code="c">DFo</marc:subfield><marc:subfield code="e">dcrb</marc:subfield></marc:datafield><marc:datafield tag="090" ind1=" " ind2=" "><marc:subfield code="b">INC B122</marc:subfield><marc:subfield code="f">cs1553</marc:subfield><marc:subfield code="t">6̃50</marc:subfield><marc:subfield code="i">05/31/94 N</marc:subfield><marc:subfield code="h">03/28/94 C</marc:subfield></marc:datafield><marc:datafield tag="240" ind1="1" ind2="0"><marc:subfield code="a">De proprietatibus rerum</marc:subfield></marc:datafield><marc:datafield tag="245" ind1="1" ind2="0"><marc:subfield code="a">Incipiu[n]t tituli libro[rum] et capituloru[m] venerabilis Bartholomei Anglici De proprietatibus reru[m].</marc:subfield></marc:datafield><marc:datafield tag="260" ind1=" " ind2=" "><marc:subfield code="a">[Nuremberg] :</marc:subfield><marc:subfield code="b">Impressus per industriosum viru[m] Anthoniu[m] Koburger inclite Nurenberge ciue[m],</marc:subfield><marc:subfield code="c">anno Salutis gratie 1483, iij. Kal[enda]s Iunij. [30 May]</marc:subfield></marc:datafield><marc:datafield tag="300" ind1=" " ind2=" "><marc:subfield code="a">[536] p. ;</marc:subfield><marc:subfield code="c">31 cm. (fol.)</marc:subfield></marc:datafield><marc:datafield tag="500" ind1=" " ind2=" "><marc:subfield code="a">Title from incipit of table (leaf [*]2r).</marc:subfield></marc:datafield><marc:datafield tag="500" ind1=" " ind2=" "><marc:subfield code="a">Imprint from colophon (leaf [Q]7v).</marc:subfield></marc:datafield><marc:datafield tag="500" ind1=" " ind2=" "><marc:subfield code="a">Signatures: [*]⁶, [a-b]⁸, [c-e]⁶, [f-z]⁸/⁶/⁶, [A-P]⁸/⁶/⁶, [Q]⁸.</marc:subfield></marc:datafield><marc:datafield tag="500" ind1=" " ind2=" "><marc:subfield code="a">The 1st and last leaves are blank.</marc:subfield></marc:datafield><marc:datafield tag="500" ind1=" " ind2=" "><marc:subfield code="a">Capital spaces.</marc:subfield></marc:datafield><marc:datafield tag="500" ind1=" " ind2=" "><marc:subfield code="a">Printed in 2 columns.</marc:subfield></marc:datafield><marc:datafield tag="510" ind1="4" ind2=" "><marc:subfield code="a">Goff</marc:subfield><marc:subfield code="c">B-137.</marc:subfield></marc:datafield><marc:datafield tag="510" ind1="4" ind2=" "><marc:subfield code="a">BM 15th cent.,</marc:subfield><marc:subfield code="c">II, p. 425-426 (IB.7306).</marc:subfield></marc:datafield><marc:datafield tag="510" ind1="4" ind2=" "><marc:subfield code="a">GW</marc:subfield><marc:subfield code="c">3409.</marc:subfield></marc:datafield><marc:datafield tag="590" ind1=" " ind2=" "><marc:subfield code="a">Folger copy: rubrication of capitals in red paint (some blue on leaf [*]1r) and underlining of 1st words of headings, paragraph titles and each sentence (ending on leaf [b]4r); also paragraph marks in table of contents.</marc:subfield></marc:datafield><marc:datafield tag="590" ind1=" " ind2=" "><marc:subfield code="a">Manuscript letter and text of law on last leaf from a monastery, dated &quot;Dat[um] Decĩa [?] die Aprilis anno [...?] j.&quot;; also a note on a medical cure; inscription on leaf [*]2r &quot;Dom[us] Professae Societ̃is Iesu Viennae catalogo inscript[us] in litera B.n.3.31 [crossed out and changed to] M272&quot;; several other inscriptions in German and Latin on first leaf; inscription on front free endpaper &quot;W.G. Thorpe from N T Janry 16th. 1871&quot;; inscriptions on both pastedowns : &quot;... Verplanck Colvin is the present owner at ... Albany, New York ...&quot;; purchased in 1926 according to Mrs. Folger's files.</marc:subfield></marc:datafield><marc:datafield tag="590" ind1=" " ind2=" "><marc:subfield code="a">Leather finding tab at beginning of each book, the last one lacking; vellum guards around the sewing inside of each gathering; inscription on top edge &quot;Bartholome[us] de p[ro]prietatib[us] rerum&quot;, reading from spine to fore-edge.</marc:subfield></marc:datafield><marc:datafield tag="650" ind1=" " ind2="0"><marc:subfield code="a">Natural history</marc:subfield><marc:subfield code="v">Pre-Linnean works.</marc:subfield></marc:datafield><marc:datafield tag="700" ind1="1" ind2=" "><marc:subfield code="a">Thorpe, W. G.</marc:subfield><marc:subfield code="q">(William George),</marc:subfield><marc:subfield code="d">d. 1903,</marc:subfield><marc:subfield code="e">former owner.</marc:subfield></marc:datafield><marc:datafield tag="700" ind1="1" ind2=" "><marc:subfield code="a">Colvin, Verplanck,</marc:subfield><marc:subfield code="d">1847-1920,</marc:subfield><marc:subfield code="e">former owner.</marc:subfield></marc:datafield><marc:datafield tag="710" ind1="2" ind2=" "><marc:subfield code="a">Jesuit professed house (Vienna, Austria),</marc:subfield><marc:subfield code="e">former owner.</marc:subfield></marc:datafield><marc:datafield tag="700" ind1="1" ind2=" "><marc:subfield code="a">Koberger, Anton,</marc:subfield><marc:subfield code="d">ca. 1440-1513,</marc:subfield><marc:subfield code="e">printer.</marc:subfield></marc:datafield><marc:datafield tag="752" ind1="1" ind2="0"><marc:subfield code="d">Nuremberg.</marc:subfield></marc:datafield><marc:datafield tag="100" ind1="0" ind2=" "><marc:subfield code="a">Bartholomaeus,</marc:subfield><marc:subfield code="c">Anglicus,</marc:subfield><marc:subfield code="d">13th cent.</marc:subfield></marc:datafield><marc:datafield tag="950" ind1=" " ind2=" "><marc:subfield code="l">RARE</marc:subfield><marc:subfield code="h">03/28/94 C</marc:subfield></marc:datafield><marc:datafield tag="998" ind1=" " ind2=" "><marc:subfield code="a">05/31/94</marc:subfield><marc:subfield code="t">c</marc:subfield><marc:subfield code="s">9114</marc:subfield><marc:subfield code="n">DFo</marc:subfield><marc:subfield code="w">DCFG94B1175</marc:subfield><marc:subfield code="d">03/14/94</marc:subfield><marc:subfield code="c">ML</marc:subfield><marc:subfield code="b">MT</marc:subfield><marc:subfield code="l">DCFG</marc:subfield></marc:datafield></marc:record>