
<marc:record><marc:leader>03310cam a2200481 a 4500</marc:leader>
<marc:controlfield tag="001">89828</marc:controlfield>
<marc:controlfield tag="005">20120822093217.0</marc:controlfield><marc:controlfield tag="008">940519s1476    gw            001 0 lat d</marc:controlfield><marc:datafield tag="035" ind1=" " ind2=" "><marc:subfield code="9">DCFG94-B2258</marc:subfield></marc:datafield><marc:datafield tag="040" ind1=" " ind2=" "><marc:subfield code="a">DFo</marc:subfield><marc:subfield code="c">DFo</marc:subfield><marc:subfield code="e">dcrb</marc:subfield><marc:subfield code="d">UtOrBLW</marc:subfield></marc:datafield><marc:datafield tag="090" ind1=" " ind2=" "><marc:subfield code="b">INC B688</marc:subfield><marc:subfield code="t">6̃50</marc:subfield><marc:subfield code="t">7̃00</marc:subfield><marc:subfield code="t">7̃55</marc:subfield><marc:subfield code="t">7̃96-1</marc:subfield><marc:subfield code="i">10/05/95 N</marc:subfield><marc:subfield code="h">05/26/94 C</marc:subfield></marc:datafield><marc:datafield tag="240" ind1="1" ind2="0"><marc:subfield code="a">De consolatione philosophiae</marc:subfield></marc:datafield><marc:datafield tag="245" ind1="1" ind2="0"><marc:subfield code="a">Auicij Manlij Torquati Seuerini Boecij ordinarij patricij viri exconsulis De consolatione philosophie liber primus incipit.</marc:subfield></marc:datafield><marc:datafield tag="260" ind1=" " ind2=" "><marc:subfield code="a">[Nuremberg] :</marc:subfield><marc:subfield code="b">Anthonij Coburgers ciuis inclite Nurnbergensiu[m] vrbis industria fabrefactus ...,</marc:subfield><marc:subfield code="c">anno 1476, p[ri]die Idus Noue[m]bris [12 Nov.]</marc:subfield></marc:datafield><marc:datafield tag="300" ind1=" " ind2=" "><marc:subfield code="a">[280] p. ;</marc:subfield><marc:subfield code="c">41 cm. (fol.)</marc:subfield></marc:datafield><marc:datafield tag="500" ind1=" " ind2=" "><marc:subfield code="a">Title from incipit (leaf [b]2r).</marc:subfield></marc:datafield><marc:datafield tag="500" ind1=" " ind2=" "><marc:subfield code="a">Commentary ascribed in text to Thomas Aquinas, is attributed to Thomas Wallensis by GW.</marc:subfield></marc:datafield><marc:datafield tag="500" ind1=" " ind2=" "><marc:subfield code="a">Imprint from colophon (leaf [q]5v).</marc:subfield></marc:datafield><marc:datafield tag="500" ind1=" " ind2=" "><marc:subfield code="a">Signatures: [a]⁶, [b]¹⁰, [c]⁸, [d]¹⁰, [e]⁶, [f-l]¹⁰, [m]⁶, [n-o]¹⁰, [p]⁸, [q]⁶.</marc:subfield></marc:datafield><marc:datafield tag="500" ind1=" " ind2=" "><marc:subfield code="a">Leaves [a]1, [b]1, [f]1, [m]6, and [q]6 are blank.</marc:subfield></marc:datafield><marc:datafield tag="500" ind1=" " ind2=" "><marc:subfield code="a">Capital spaces.</marc:subfield></marc:datafield><marc:datafield tag="500" ind1=" " ind2=" "><marc:subfield code="a">Index and commentary printed in 2 columns.</marc:subfield></marc:datafield><marc:datafield tag="510" ind1="4" ind2=" "><marc:subfield code="a">Goff</marc:subfield><marc:subfield code="c">B-771.</marc:subfield></marc:datafield><marc:datafield tag="510" ind1="4" ind2=" "><marc:subfield code="a">BM 15th cent.,</marc:subfield><marc:subfield code="c">II, p. 413 (IC.7134).</marc:subfield></marc:datafield><marc:datafield tag="510" ind1="4" ind2=" "><marc:subfield code="a">GW</marc:subfield><marc:subfield code="c">4526.</marc:subfield></marc:datafield><marc:datafield tag="590" ind1=" " ind2=" "><marc:subfield code="a">Folger copy: lacks leaf b1, blank, and leaf b2 (contents of incipit provided from BM 15th cent. description).</marc:subfield></marc:datafield><marc:datafield tag="590" ind1=" " ind2=" "><marc:subfield code="a">Initials in alternate red and blue paint; capital strokes and paragraph marks in red throughout; underlining of most occurences of the name &quot;Boethius&quot; in commentary, and additions by the rubricator of headlines with numbering at the beginning of most of the books; also a small correction in text in same red ink on leaf [d]7v.</marc:subfield></marc:datafield><marc:datafield tag="590" ind1=" " ind2=" "><marc:subfield code="a">Abundant interlineary notes in brown ink, mostly in the 1st gatherings of text, and a few notes in margins, with fists, underlining, and brackets; also a few corrections in text in same ink.</marc:subfield></marc:datafield><marc:datafield tag="590" ind1=" " ind2=" "><marc:subfield code="a">Ownership inscription on verso of last leaf, defaced, illegible; bookplate of W.T. Smedley; purchased in 1924.</marc:subfield></marc:datafield><marc:datafield tag="590" ind1=" " ind2=" "><marc:subfield code="a">In a contemporary quarter alum tawed pigskin binding with very worn leather (probably calf) on beech boards, blind tooled with dragon stamps (Cf. Schwenke-Schunke, Drache 36 &quot;Amorbach Werkstatt III&quot;) and leaf stamps; remains of 2 clasps; vellum guards inside of gatherings; vellum pastedowns, the front pastedown bearing French manuscript deed dated 1616 (partially illegible); spine label in red goatskin reading &quot;Boecy Consol: Philos:&quot;; mold on many leaves; in a tailored box.</marc:subfield></marc:datafield><marc:datafield tag="650" ind1=" " ind2="0"><marc:subfield code="a">Philosophy.</marc:subfield></marc:datafield><marc:datafield tag="655" ind1=" " ind2="7"><marc:subfield code="a">Annotations (Provenance)</marc:subfield><marc:subfield code="2">rbprov</marc:subfield></marc:datafield><marc:datafield tag="655" ind1=" " ind2="7"><marc:subfield code="a">Pigskin bindings (Binding)</marc:subfield><marc:subfield code="z">Germany</marc:subfield><marc:subfield code="y">15th century.</marc:subfield><marc:subfield code="2">rbbin</marc:subfield></marc:datafield><marc:datafield tag="655" ind1=" " ind2="7"><marc:subfield code="a">Manuscript waste (Binding)</marc:subfield><marc:subfield code="2">rbbin</marc:subfield></marc:datafield><marc:datafield tag="700" ind1="1" ind2=" "><marc:subfield code="a">Smedley, William T.</marc:subfield><marc:subfield code="q">(William Thomas),</marc:subfield><marc:subfield code="d">b. 1851,</marc:subfield><marc:subfield code="e">former owner.</marc:subfield></marc:datafield><marc:datafield tag="700" ind1="1" ind2=" "><marc:subfield code="a">Koberger, Anton,</marc:subfield><marc:subfield code="d">ca. 1440-1513,</marc:subfield><marc:subfield code="e">printer.</marc:subfield></marc:datafield><marc:datafield tag="752" ind1=" " ind2=" "><marc:subfield code="a">Germany</marc:subfield><marc:subfield code="d">Nuremberg.</marc:subfield></marc:datafield><marc:datafield tag="100" ind1="0" ind2=" "><marc:subfield code="a">Boethius,</marc:subfield><marc:subfield code="d">d. 524.</marc:subfield></marc:datafield><marc:datafield tag="700" ind1="0" ind2=" "><marc:subfield code="a">Thomas,</marc:subfield><marc:subfield code="c">Aquinas, Saint,</marc:subfield><marc:subfield code="d">1225?-1274.</marc:subfield></marc:datafield><marc:datafield tag="700" ind1="0" ind2=" "><marc:subfield code="a">Thomas,</marc:subfield><marc:subfield code="c">Waleys,</marc:subfield><marc:subfield code="d">ca. 1287-1350?</marc:subfield></marc:datafield><marc:datafield tag="856" ind1="4" ind2="1"><marc:subfield code="u">http://luna.folger.edu/luna/servlet/s/3349vn</marc:subfield><marc:subfield code="z">Binding images and description for Folger Shakespeare Library INC B688</marc:subfield></marc:datafield><marc:datafield tag="950" ind1=" " ind2=" "><marc:subfield code="l">RARE</marc:subfield><marc:subfield code="h">05/26/94 C</marc:subfield></marc:datafield><marc:datafield tag="998" ind1=" " ind2=" "><marc:subfield code="a">10/05/95</marc:subfield><marc:subfield code="t">c</marc:subfield><marc:subfield code="s">9114</marc:subfield><marc:subfield code="n">DFo</marc:subfield><marc:subfield code="w">DCFG94B2258</marc:subfield><marc:subfield code="d">05/19/94</marc:subfield><marc:subfield code="c">ML</marc:subfield><marc:subfield code="b">MT</marc:subfield><marc:subfield code="l">DCFG</marc:subfield></marc:datafield></marc:record>