
<marc:record><marc:leader>03244cam a2200529 a 4500</marc:leader>
<marc:controlfield tag="001">89802</marc:controlfield>
<marc:controlfield tag="005">20120719112445.0</marc:controlfield><marc:controlfield tag="008">940510s1483    gw            001 0 lat d</marc:controlfield><marc:datafield tag="035" ind1=" " ind2=" "><marc:subfield code="9">DCFG94-B2160</marc:subfield></marc:datafield><marc:datafield tag="040" ind1=" " ind2=" "><marc:subfield code="a">DFo</marc:subfield><marc:subfield code="c">DFo</marc:subfield><marc:subfield code="e">dcrb</marc:subfield><marc:subfield code="d">UtOrBLW</marc:subfield></marc:datafield><marc:datafield tag="090" ind1=" " ind2=" "><marc:subfield code="b">INC B694</marc:subfield><marc:subfield code="n">:700 FOR OTHER EDITIONS, SEE MAIN ENTRY.</marc:subfield><marc:subfield code="f">cs1808</marc:subfield><marc:subfield code="t">6̃50</marc:subfield><marc:subfield code="t">6̃55</marc:subfield><marc:subfield code="t">7̃55</marc:subfield><marc:subfield code="i">06/14/94 N</marc:subfield><marc:subfield code="h">05/23/94 C</marc:subfield></marc:datafield><marc:datafield tag="240" ind1="1" ind2="0"><marc:subfield code="a">De consolatione philosophiae</marc:subfield></marc:datafield><marc:datafield tag="245" ind1="1" ind2="0"><marc:subfield code="a">Auitij Maulij Torquati Seuerini Boetij ordinarij patricij viri exconsulis De consolatione ph[ilosoph]ie liber primus incipit ...</marc:subfield></marc:datafield><marc:datafield tag="260" ind1=" " ind2=" "><marc:subfield code="a">[Nuremberg] :</marc:subfield><marc:subfield code="b">Anthonij Koburgers ciuis inclite Nurnberge[n]siu[m] vrbis industria fabrefactus ...,</marc:subfield><marc:subfield code="c">anno a Natiuitate Christi, millesimo cccclxxxiij [1483], postera die post Philippi et Iacobi Ap[osto]lo[rum] [2 May]</marc:subfield></marc:datafield><marc:datafield tag="300" ind1=" " ind2=" "><marc:subfield code="a">[148] leaves ;</marc:subfield><marc:subfield code="c">29 cm. (fol.)</marc:subfield></marc:datafield><marc:datafield tag="500" ind1=" " ind2=" "><marc:subfield code="a">Title from incipit (leaf a2r).</marc:subfield></marc:datafield><marc:datafield tag="500" ind1=" " ind2=" "><marc:subfield code="a">With commentary ascribed in the text to Thomas Aquinas, now attributed to Thomas Wallensis.</marc:subfield></marc:datafield><marc:datafield tag="500" ind1=" " ind2=" "><marc:subfield code="a">Imprint from colophon (leaf i8v).</marc:subfield></marc:datafield><marc:datafield tag="500" ind1=" " ind2=" "><marc:subfield code="a">Signatures: [*]⁶, a-b⁸, c-h⁶/⁸, i¹⁰ (a1 unsigned).</marc:subfield></marc:datafield><marc:datafield tag="500" ind1=" " ind2=" "><marc:subfield code="a">Leaves [*]1, i9 and i10 are blank.</marc:subfield></marc:datafield><marc:datafield tag="500" ind1=" " ind2=" "><marc:subfield code="a">Table printed in 2 columns.</marc:subfield></marc:datafield><marc:datafield tag="500" ind1=" " ind2=" "><marc:subfield code="a">Text is surrounded by commentary.</marc:subfield></marc:datafield><marc:datafield tag="500" ind1=" " ind2=" "><marc:subfield code="a">Capital spaces.</marc:subfield></marc:datafield><marc:datafield tag="510" ind1="4" ind2=" "><marc:subfield code="a">Goff</marc:subfield><marc:subfield code="c">B-777.</marc:subfield></marc:datafield><marc:datafield tag="510" ind1="4" ind2=" "><marc:subfield code="a">BM 15th cent.,</marc:subfield><marc:subfield code="c">II, p. 425 (IB.7300).</marc:subfield></marc:datafield><marc:datafield tag="510" ind1="4" ind2=" "><marc:subfield code="a">GW</marc:subfield><marc:subfield code="c">4533.</marc:subfield></marc:datafield><marc:datafield tag="500" ind1=" " ind2=" "><marc:subfield code="a">Includes index (leaves [*]2-[*]5).</marc:subfield></marc:datafield><marc:datafield tag="585" ind1=" " ind2=" "><marc:subfield code="a">Washington, D.C., Folger Shakespeare Library, 2001-2002. The Reader Revealed (catalog entry 70)</marc:subfield><marc:subfield code="5">DFo</marc:subfield></marc:datafield><marc:datafield tag="585" ind1=" " ind2=" "><marc:subfield code="a">Washington, D.C., Folger Shakespeare Library, 2006-2007. Technologies of Writing in the Age of Print.</marc:subfield><marc:subfield code="5">DFo</marc:subfield></marc:datafield><marc:datafield tag="590" ind1=" " ind2=" "><marc:subfield code="a">Folger copy: leaves [*]1, i9 and i10, all blank, lacking; edges trimmed, affecting manuscript notes.</marc:subfield></marc:datafield><marc:datafield tag="590" ind1=" " ind2=" "><marc:subfield code="a">Two painted initials on leaf [a]1r, the smaller one at beginning of commentary depicting a Franciscan monk (Thomas Aquinas?), the larger one depicting Boethius and the spirit of Philosophy, with acanthus leaf decoration (coloring and scrollwork possibly influenced by the Göttingen model book?); smaller initials and paragraph marks provided in alternate red and blue throughout the book.</marc:subfield></marc:datafield><marc:datafield tag="590" ind1=" " ind2=" "><marc:subfield code="a">Numerous early manuscript notes and underlining in brown and red inks, fists, brackets; a few corrections and punctuation added by hand in text and commentary.</marc:subfield></marc:datafield><marc:datafield tag="590" ind1=" " ind2=" "><marc:subfield code="a">Pencilled note on front free endpaper referring to the Sotheby sale of the library of the Rev. Stephen W. Csutoros (no. 307, May 1, 1928); purchased in 1928.</marc:subfield></marc:datafield><marc:datafield tag="590" ind1=" " ind2=" "><marc:subfield code="a">Manuscript fragments used as guards inside of gatherings; stencilled paper as endpapers; repaired.</marc:subfield></marc:datafield><marc:datafield tag="650" ind1=" " ind2="0"><marc:subfield code="a">Philosophy.</marc:subfield></marc:datafield><marc:datafield tag="655" ind1=" " ind2="7"><marc:subfield code="a">Illuminations.</marc:subfield><marc:subfield code="2">gmgpc</marc:subfield></marc:datafield><marc:datafield tag="655" ind1=" " ind2="7"><marc:subfield code="a">Annotations (Provenance)</marc:subfield><marc:subfield code="2">rbprov</marc:subfield></marc:datafield><marc:datafield tag="655" ind1=" " ind2="7"><marc:subfield code="a">Manuscript waste (Binding)</marc:subfield><marc:subfield code="2">rbbin</marc:subfield></marc:datafield><marc:datafield tag="700" ind1="1" ind2=" "><marc:subfield code="a">Csutoros, Stephen W.,</marc:subfield><marc:subfield code="e">former owner.</marc:subfield></marc:datafield><marc:datafield tag="700" ind1="1" ind2=" "><marc:subfield code="a">Koberger, Anton,</marc:subfield><marc:subfield code="d">ca. 1440-1513,</marc:subfield><marc:subfield code="e">printer.</marc:subfield></marc:datafield><marc:datafield tag="752" ind1=" " ind2=" "><marc:subfield code="a">Germany</marc:subfield><marc:subfield code="d">Nuremberg.</marc:subfield></marc:datafield><marc:datafield tag="100" ind1="0" ind2=" "><marc:subfield code="a">Boethius,</marc:subfield><marc:subfield code="d">d. 524.</marc:subfield></marc:datafield><marc:datafield tag="700" ind1="0" ind2=" "><marc:subfield code="a">Thomas,</marc:subfield><marc:subfield code="c">Aquinas, Saint,</marc:subfield><marc:subfield code="d">1225?-1274.</marc:subfield></marc:datafield><marc:datafield tag="700" ind1="0" ind2=" "><marc:subfield code="a">Thomas,</marc:subfield><marc:subfield code="c">Waleys,</marc:subfield><marc:subfield code="d">ca. 1287-1350?</marc:subfield></marc:datafield><marc:datafield tag="852" ind1=" " ind2=" "><marc:subfield code="x">rev. AS-K 201203; rev. knt 201207</marc:subfield></marc:datafield><marc:datafield tag="950" ind1=" " ind2=" "><marc:subfield code="l">RARE</marc:subfield><marc:subfield code="h">05/23/94 C</marc:subfield></marc:datafield><marc:datafield tag="998" ind1=" " ind2=" "><marc:subfield code="a">06/14/94</marc:subfield><marc:subfield code="t">c</marc:subfield><marc:subfield code="s">9114</marc:subfield><marc:subfield code="n">DFo</marc:subfield><marc:subfield code="w">DCFG94B2160</marc:subfield><marc:subfield code="d">05/10/94</marc:subfield><marc:subfield code="c">ML</marc:subfield><marc:subfield code="b">MT</marc:subfield><marc:subfield code="l">DCFG</marc:subfield></marc:datafield></marc:record>