
<marc:record><marc:leader>02143cam a2200385 a 4500</marc:leader>
<marc:controlfield tag="001">90081</marc:controlfield>
<marc:controlfield tag="005">20110119170018.0</marc:controlfield><marc:controlfield tag="008">941109q14741476gw            000 0 lat d</marc:controlfield><marc:datafield tag="035" ind1=" " ind2=" "><marc:subfield code="9">DCFG94-B3418</marc:subfield></marc:datafield><marc:datafield tag="040" ind1=" " ind2=" "><marc:subfield code="a">DFo</marc:subfield><marc:subfield code="c">DFo</marc:subfield><marc:subfield code="e">dcrb</marc:subfield></marc:datafield><marc:datafield tag="090" ind1=" " ind2=" "><marc:subfield code="b">INC G211</marc:subfield><marc:subfield code="n">:sl Folger copy lacks 1st gathering of 10 leaves.</marc:subfield><marc:subfield code="f">cs2024</marc:subfield><marc:subfield code="t">7̃40</marc:subfield><marc:subfield code="t">7̃97-2</marc:subfield><marc:subfield code="t">7̃99-2</marc:subfield><marc:subfield code="i">11/18/94 C</marc:subfield></marc:datafield><marc:datafield tag="100" ind1="1" ind2=" "><marc:subfield code="a">Gerson, Jean,</marc:subfield><marc:subfield code="d">1363-1429.</marc:subfield></marc:datafield><marc:datafield tag="240" ind1="1" ind2="0"><marc:subfield code="a">Selections.</marc:subfield><marc:subfield code="f">1474</marc:subfield></marc:datafield><marc:datafield tag="245" ind1="1" ind2="0"><marc:subfield code="a">Tractatus de examinatione doctrinarum Ioannis de Gersona cancellarij Parisie[n]sis incipit feliciter.</marc:subfield></marc:datafield><marc:datafield tag="246" ind1="3" ind2="3"><marc:subfield code="a">De examinatione doctrinarum</marc:subfield></marc:datafield><marc:datafield tag="260" ind1=" " ind2=" "><marc:subfield code="a">[Nuremberg :</marc:subfield><marc:subfield code="b">Johann Sensenschmidt and Andreas Frisner,</marc:subfield><marc:subfield code="c">between 1474 and 1476]</marc:subfield></marc:datafield><marc:datafield tag="300" ind1=" " ind2=" "><marc:subfield code="a">[44] p. ;</marc:subfield><marc:subfield code="c">28 cm. (fol.)</marc:subfield></marc:datafield><marc:datafield tag="590" ind1=" " ind2=" "><marc:subfield code="a">Folger copy lacks the 1st work comprising 10 leaves (description from BM 15th cent.).</marc:subfield></marc:datafield><marc:datafield tag="500" ind1=" " ind2=" "><marc:subfield code="a">Includes: De duplici statu in Dei ecclesia; Admonitio brevis quo modo caute legendi sunt quorundam libri; De appellatione peccatoris a divina justicia ad divinam misericordiam; De unione ecclesiae; Dubium de delectatione in servitio Dei.</marc:subfield></marc:datafield><marc:datafield tag="500" ind1=" " ind2=" "><marc:subfield code="a">Imprint from Goff; GW gives date as: ca. 1475.</marc:subfield></marc:datafield><marc:datafield tag="500" ind1=" " ind2=" "><marc:subfield code="a">Signatures: [a]¹⁰, [b]¹².</marc:subfield></marc:datafield><marc:datafield tag="500" ind1=" " ind2=" "><marc:subfield code="a">Capital spaces.</marc:subfield></marc:datafield><marc:datafield tag="510" ind1="4" ind2=" "><marc:subfield code="a">Goff</marc:subfield><marc:subfield code="c">G-229.</marc:subfield></marc:datafield><marc:datafield tag="510" ind1="4" ind2=" "><marc:subfield code="a">BM 15th cent.,</marc:subfield><marc:subfield code="c">II, p. 407 (IB.7838).</marc:subfield></marc:datafield><marc:datafield tag="510" ind1="4" ind2=" "><marc:subfield code="a">GW</marc:subfield><marc:subfield code="c">10763.</marc:subfield></marc:datafield><marc:datafield tag="590" ind1=" " ind2=" "><marc:subfield code="a">Folger copy: initials, capital strokes, paragraph marks and underlining of titles supplied in red; a few corrections in text, in same paint; also corrections in brown ink.</marc:subfield></marc:datafield><marc:datafield tag="590" ind1=" " ind2=" "><marc:subfield code="a">Inscription in brown ink at head of leaf [b]1r: &quot;dpl. J.H. Wright&quot; (no. 247 in the Davis &amp; Harvey sale catalog of Harrison Wright's library, June 1908), and several pencilled numbers; purchased in 1908.</marc:subfield></marc:datafield><marc:datafield tag="590" ind1=" " ind2=" "><marc:subfield code="a">Leather tab on leaf [b]1r; some worming, slightly affecting text; in a phased box.</marc:subfield></marc:datafield><marc:datafield tag="700" ind1="1" ind2=" "><marc:subfield code="a">Wright, Harrison,</marc:subfield><marc:subfield code="e">former owner.</marc:subfield><marc:subfield code="5">DFo</marc:subfield></marc:datafield><marc:datafield tag="700" ind1="1" ind2=" "><marc:subfield code="a">Sensenschmidt, Johann,</marc:subfield><marc:subfield code="d">fl. 1470-1478,</marc:subfield><marc:subfield code="e">printer.</marc:subfield></marc:datafield><marc:datafield tag="700" ind1="1" ind2=" "><marc:subfield code="a">Frisner, Andreas,</marc:subfield><marc:subfield code="d">d. 1504,</marc:subfield><marc:subfield code="e">printer.</marc:subfield></marc:datafield><marc:datafield tag="752" ind1="1" ind2="0"><marc:subfield code="d">Nuremberg.</marc:subfield></marc:datafield><marc:datafield tag="752" ind1="0" ind2="9"><marc:subfield code="d">Nuremberg.</marc:subfield><marc:subfield code="f">ca. 1475.</marc:subfield></marc:datafield><marc:datafield tag="950" ind1=" " ind2=" "><marc:subfield code="l">RARE</marc:subfield><marc:subfield code="i">11/18/94 C</marc:subfield></marc:datafield><marc:datafield tag="998" ind1=" " ind2=" "><marc:subfield code="a">11/18/94</marc:subfield><marc:subfield code="t">c</marc:subfield><marc:subfield code="s">9114</marc:subfield><marc:subfield code="n">DFo</marc:subfield><marc:subfield code="w">DCFG94B3418</marc:subfield><marc:subfield code="d">11/09/94</marc:subfield><marc:subfield code="c">ML</marc:subfield><marc:subfield code="b">MT</marc:subfield><marc:subfield code="l">DCFG</marc:subfield></marc:datafield></marc:record>