
<marc:record><marc:leader>04405cam a2200481 a 4500</marc:leader>
<marc:controlfield tag="001">90435</marc:controlfield>
<marc:controlfield tag="005">20120822122802.0</marc:controlfield><marc:controlfield tag="008">951012s1491    gw            000 0 lat d</marc:controlfield><marc:datafield tag="035" ind1=" " ind2=" "><marc:subfield code="9">DCFG95-B2221</marc:subfield></marc:datafield><marc:datafield tag="040" ind1=" " ind2=" "><marc:subfield code="a">DFo</marc:subfield><marc:subfield code="c">DFo</marc:subfield><marc:subfield code="e">dcrb</marc:subfield><marc:subfield code="d">UtOrBLW</marc:subfield></marc:datafield><marc:datafield tag="090" ind1=" " ind2=" "><marc:subfield code="b">INC P442</marc:subfield><marc:subfield code="f">cs402</marc:subfield><marc:subfield code="t">7̃55</marc:subfield><marc:subfield code="i">10/26/95 C</marc:subfield></marc:datafield><marc:datafield tag="100" ind1="0" ind2=" "><marc:subfield code="a">Peter Lombard,</marc:subfield><marc:subfield code="c">Bishop of Paris,</marc:subfield><marc:subfield code="d">ca. 1100-1160.</marc:subfield></marc:datafield><marc:datafield tag="240" ind1="1" ind2="0"><marc:subfield code="a">Sententiarum libri IV</marc:subfield></marc:datafield><marc:datafield tag="245" ind1="1" ind2="0"><marc:subfield code="a">Celebratissimi patris domini Bonauenture ordinis Mino[rum] ... p[er]lustratio in archana tercij libri S[e]n[tent]ia[rum].</marc:subfield></marc:datafield><marc:datafield tag="260" ind1=" " ind2=" "><marc:subfield code="a">[Nuremberg] :</marc:subfield><marc:subfield code="b">Anton Koberger,</marc:subfield><marc:subfield code="c">[after 2 Mar. 1491]</marc:subfield></marc:datafield><marc:datafield tag="300" ind1=" " ind2=" "><marc:subfield code="a">[436], [544], [212] p. ;</marc:subfield><marc:subfield code="c">32 cm. (fol.)</marc:subfield></marc:datafield><marc:datafield tag="500" ind1=" " ind2=" "><marc:subfield code="a">Title from incipit of v. III (leaf A2r).</marc:subfield></marc:datafield><marc:datafield tag="590" ind1=" " ind2=" "><marc:subfield code="a">Folger copy includes vols. III, IV, and table by Johannes Beckenhaub only bound in 1 vol.</marc:subfield></marc:datafield><marc:datafield tag="500" ind1=" " ind2=" "><marc:subfield code="a">Table varies from copies described in Hain and in BM 15th cent., t.p. reading: &quot;Tabula super libros sentẽ-/tia[rum] cum Bonauentura&quot;.  Leaf a2r reads: &quot;Johannes beckenhaub / moguntini in scripta Diui Bonauẽture cũ textu sen-/ tentia[rum] tabula: quã siquis ...&quot;</marc:subfield></marc:datafield><marc:datafield tag="500" ind1=" " ind2=" "><marc:subfield code="a">Commentary by Bonaventure.</marc:subfield></marc:datafield><marc:datafield tag="500" ind1=" " ind2=" "><marc:subfield code="a">The printer is named in the dedicatory letter of v. I; imprint date from v. IV; the letter of Nicolaus Tinctoris to Beckenhaub is dated: 1491 mensis Marcii die s[e]c[un]do; the table was probably printed apart and later than the rest of the book. Cf. BM 15th cent.</marc:subfield></marc:datafield><marc:datafield tag="500" ind1=" " ind2=" "><marc:subfield code="a">Signatures: v.III: A⁸, B-Z⁶, Aa-Ll⁶, Mm⁸, Nn⁴; v.IV: a-b⁸, c-z⁶, A-S⁶, T-V⁸, X⁶; table: a⁸, b-q⁶, r⁸ (in v. IV, f4 signed f5, L3 signed 3L).</marc:subfield></marc:datafield><marc:datafield tag="500" ind1=" " ind2=" "><marc:subfield code="a">First leaves of v. III and v. IV, and last leaf of table are blank.</marc:subfield></marc:datafield><marc:datafield tag="500" ind1=" " ind2=" "><marc:subfield code="a">Capital spaces, many with guide letters.</marc:subfield></marc:datafield><marc:datafield tag="510" ind1="4" ind2=" "><marc:subfield code="a">Goff</marc:subfield><marc:subfield code="c">P-486.</marc:subfield></marc:datafield><marc:datafield tag="510" ind1="4" ind2=" "><marc:subfield code="a">BM 15th cent.,</marc:subfield><marc:subfield code="c">II, p. 433 (IB.7406).</marc:subfield></marc:datafield><marc:datafield tag="510" ind1="4" ind2=" "><marc:subfield code="a">Hain-Copinger,</marc:subfield><marc:subfield code="c">3540*.</marc:subfield></marc:datafield><marc:datafield tag="590" ind1=" " ind2=" "><marc:subfield code="a">Folger copy: early manuscript notes with brackets and fists in 3 hands, one being Blasius Fünck's and another B. Pflugritter's.</marc:subfield></marc:datafield><marc:datafield tag="590" ind1=" " ind2=" "><marc:subfield code="a">Early inscription on front pastedown &quot;Liber magistri Blasij Fůnck de Franckẽford&quot; with his notes throughout dated &quot;1507 in die S. Luce incepi 3m [...]&quot; on verso of 2nd leaf of v.III; &quot;1508 incepi lege[re] 4 [pars] Sentẽ. 2 ps̃ [...post?] matthie apos. B.F.&quot; on 2nd leaf of v. IV, and &quot;altera die Vrbani 5. [...] an[te] d[o]m[inicam] rogationu[m] 1508 [...] M.B. Fünck sacra theo[logi]e bacc[alaureat]us [...]&quot; at end of v. IV; his annotations throughout the 2 vols. in lower margins with brackets and markings in text (Blasius Fünck registered at the University of Leipzig in 1487); another set of notes on 1st leaves of v. III, the 1st one reading &quot;anno 1506 [...] cepi insignia Magisterij [...] Ego bernardus pfuckritter de Forchem [for Bernardus Pflugritter  who registered at the University of Leipzig in 1501] with other notes about events taking place during years 1509, 1511 and 1514; notes in same hand in v. III &amp; IV; other notes in red and brown inks from an unidentified hand in v. IV, and on a paper fragment, loosely inserted; later inscription on 2nd leaf of v. III &quot;Ad Bibliothecam PP. Franciscan: Ambergae&quot; and circular bookstamp on top edge with initials &quot;SBA&quot;.</marc:subfield></marc:datafield><marc:datafield tag="590" ind1=" " ind2=" "><marc:subfield code="a">In a contemporary pigskin binding from Leipzig (Cf. Schwenke-Schunke Blattwerk 470 and Rautengerank 103 &quot;Leipzig Buchführer Kyriss 102/103&quot;), with 2 clasps; manuscript fragments used as pastedowns; vellum tab bearing handwriting at head of v.IV (repaired with later paper fragment); handwritten shelfmark on spine &quot;32&quot; and a later leather label with author, title, and date.</marc:subfield></marc:datafield><marc:datafield tag="655" ind1=" " ind2="7"><marc:subfield code="a">Annotations (Provenance)</marc:subfield><marc:subfield code="2">rbprov</marc:subfield></marc:datafield><marc:datafield tag="655" ind1=" " ind2="7"><marc:subfield code="a">Pigskin bindings (Binding)</marc:subfield><marc:subfield code="z">Germany</marc:subfield><marc:subfield code="z">Leipzig</marc:subfield><marc:subfield code="y">15th century.</marc:subfield><marc:subfield code="2">rbbin</marc:subfield></marc:datafield><marc:datafield tag="655" ind1=" " ind2="7"><marc:subfield code="a">Manuscript waste (Binding)</marc:subfield><marc:subfield code="2">rbbin</marc:subfield></marc:datafield><marc:datafield tag="700" ind1="1" ind2=" "><marc:subfield code="a">Beckenhaub, Johannes.</marc:subfield></marc:datafield><marc:datafield tag="700" ind1="1" ind2=" "><marc:subfield code="a">Fünck, Blasius,</marc:subfield><marc:subfield code="d">fl. 1487-1508,</marc:subfield><marc:subfield code="e">former owner.</marc:subfield></marc:datafield><marc:datafield tag="700" ind1="1" ind2=" "><marc:subfield code="a">Pflugritter, Bernardus,</marc:subfield><marc:subfield code="d">fl. 1501-1514,</marc:subfield><marc:subfield code="e">former owner.</marc:subfield></marc:datafield><marc:datafield tag="710" ind1="1" ind2=" "><marc:subfield code="a">Amberg (Oberpfalz, Germany).</marc:subfield><marc:subfield code="b">Franciscans,</marc:subfield><marc:subfield code="e">former owner.</marc:subfield></marc:datafield><marc:datafield tag="700" ind1="1" ind2=" "><marc:subfield code="a">Koberger, Anton,</marc:subfield><marc:subfield code="d">ca. 1440-1513,</marc:subfield><marc:subfield code="e">printer.</marc:subfield></marc:datafield><marc:datafield tag="752" ind1=" " ind2=" "><marc:subfield code="a">Germany</marc:subfield><marc:subfield code="d">Nuremberg.</marc:subfield></marc:datafield><marc:datafield tag="700" ind1="0" ind2=" "><marc:subfield code="a">Bonaventure,</marc:subfield><marc:subfield code="c">Saint, Cardinal,</marc:subfield><marc:subfield code="d">ca. 1217-1274.</marc:subfield></marc:datafield><marc:datafield tag="856" ind1="4" ind2="1"><marc:subfield code="u">http://luna.folger.edu/luna/servlet/s/26orvg</marc:subfield><marc:subfield code="z">Binding images and description for Folger Shakespeare Library INC P442</marc:subfield></marc:datafield><marc:datafield tag="950" ind1=" " ind2=" "><marc:subfield code="l">RARE</marc:subfield><marc:subfield code="i">10/26/95 C</marc:subfield></marc:datafield><marc:datafield tag="998" ind1=" " ind2=" "><marc:subfield code="a">10/26/95</marc:subfield><marc:subfield code="t">c</marc:subfield><marc:subfield code="s">9114</marc:subfield><marc:subfield code="n">DFo</marc:subfield><marc:subfield code="w">DCFG95B2221</marc:subfield><marc:subfield code="d">10/12/95</marc:subfield><marc:subfield code="c">ML</marc:subfield><marc:subfield code="b">MT</marc:subfield><marc:subfield code="l">DCFG</marc:subfield></marc:datafield></marc:record>