
<marc:record><marc:leader>03860cam a2200541 a 4500</marc:leader>
<marc:controlfield tag="001">90668</marc:controlfield>
<marc:controlfield tag="005">20120822130109.0</marc:controlfield><marc:controlfield tag="008">960221s1493    gw abci       001 0 lat d</marc:controlfield><marc:datafield tag="035" ind1=" " ind2=" "><marc:subfield code="9">DCFG96-B201</marc:subfield></marc:datafield><marc:datafield tag="035" ind1=" " ind2=" "><marc:subfield code="a">90668</marc:subfield></marc:datafield><marc:datafield tag="040" ind1=" " ind2=" "><marc:subfield code="a">MdBJ</marc:subfield><marc:subfield code="c">MdBJ</marc:subfield><marc:subfield code="d">RPJCB</marc:subfield><marc:subfield code="d">DFo</marc:subfield><marc:subfield code="e">dcrb</marc:subfield><marc:subfield code="d">UtOrBLW</marc:subfield></marc:datafield><marc:datafield tag="090" ind1=" " ind2=" "><marc:subfield code="b">INC S281</marc:subfield></marc:datafield><marc:datafield tag="100" ind1="1" ind2=" "><marc:subfield code="a">Schedel, Hartmann,</marc:subfield><marc:subfield code="d">1440-1514.</marc:subfield></marc:datafield><marc:datafield tag="240" ind1="1" ind2="0"><marc:subfield code="a">Liber chronicarum</marc:subfield></marc:datafield><marc:datafield tag="245" ind1="1" ind2="0"><marc:subfield code="a">Registrum huius operis Libri cronicarum cu[m] figuris et ijmagibus ab inicio mu[n]di.</marc:subfield></marc:datafield><marc:datafield tag="246" ind1="1" ind2=" "><marc:subfield code="i">Popularly known as the</marc:subfield><marc:subfield code="i">Nuremberg chronicle</marc:subfield></marc:datafield><marc:datafield tag="260" ind1=" " ind2=" "><marc:subfield code="a">[Nuremberg] :</marc:subfield><marc:subfield code="b">Anthonius Koberger Nuremberge impressit ...,</marc:subfield><marc:subfield code="c">consummatu[m] autem duodecima mensis Julij, anno Salutis n[ost]re 1493.</marc:subfield></marc:datafield><marc:datafield tag="300" ind1=" " ind2=" "><marc:subfield code="a">[20], cclxvi, [6], cclxvii-ccxcix, [1] leaves :</marc:subfield><marc:subfield code="b">ill., coats of arms, maps, ports. ;</marc:subfield><marc:subfield code="c">47 cm. (fol.)</marc:subfield></marc:datafield><marc:datafield tag="500" ind1=" " ind2=" "><marc:subfield code="a">Author's name from original manuscript.</marc:subfield></marc:datafield><marc:datafield tag="500" ind1=" " ind2=" "><marc:subfield code="a">Imprint from colophon.</marc:subfield></marc:datafield><marc:datafield tag="500" ind1=" " ind2=" "><marc:subfield code="a">&quot;... Castigatu[m]q[ue] a viris doctissimis vt magis elaboratum in lucem prodiret. Ad intuitu[m] autem &amp; preces prouidoru[m] ciuiu[m] Sebaldi Schreyer [et] Sebastiani kamermaister hunc librum ... impressit. Adhibitis tame[n] viris mathematicis pingendiq[ue] arte peritissimis. Michaele wolgemut et wilhelmo Pleydenwurff ... figure inserte sunt ...&quot;--Colophon.</marc:subfield></marc:datafield><marc:datafield tag="500" ind1=" " ind2=" "><marc:subfield code="a">Signatures: [*]-[**]⁶, [***]⁸, [a]⁶, [b-d]⁴, [e-h]⁶, [i]², [k]⁴, [l-n]⁶, [o]², [p-q]⁶, [r-y]⁴, [z-2c]⁶, [2d]², [2e]⁶, [2f]⁴, [2g-2i]⁶, [2k]², [2l]⁴, [2m-2z]⁶, [A-L]⁶, [M-N]².</marc:subfield></marc:datafield><marc:datafield tag="500" ind1=" " ind2=" "><marc:subfield code="a">Leaf [6], 3rd count,is blank.</marc:subfield></marc:datafield><marc:datafield tag="500" ind1=" " ind2=" "><marc:subfield code="a">Capital spaces and printed capitals.</marc:subfield></marc:datafield><marc:datafield tag="500" ind1=" " ind2=" "><marc:subfield code="a">Woodcut title page.</marc:subfield></marc:datafield><marc:datafield tag="510" ind1="4" ind2=" "><marc:subfield code="a">Goff</marc:subfield><marc:subfield code="c">S-307.</marc:subfield></marc:datafield><marc:datafield tag="510" ind1="4" ind2=" "><marc:subfield code="a">BM 15th cent.,</marc:subfield><marc:subfield code="c">I, p. 437 (IC.7451).</marc:subfield></marc:datafield><marc:datafield tag="510" ind1="4" ind2=" "><marc:subfield code="a">Hain-Copinger</marc:subfield><marc:subfield code="c">14508*.</marc:subfield></marc:datafield><marc:datafield tag="500" ind1=" " ind2=" "><marc:subfield code="a">Includes index.</marc:subfield></marc:datafield><marc:datafield tag="585" ind1=" " ind2=" "><marc:subfield code="a">Washington, D.C., Folger Shakespeare Library, 1987. Folger's Choice (catalog entry 40)</marc:subfield><marc:subfield code="5">DFo</marc:subfield></marc:datafield><marc:datafield tag="590" ind1=" " ind2=" "><marc:subfield code="a">Folger copy: last gathering of 2 conjugate leaves, possibly from another edition (wider margins bear 16th century manuscript notes in a different handwriting, colophon repeated in manuscript at end of text on verso of leaf CCXCVIII); error in numbering of leaf CCXLVII corrected using white paint; error on leaf CCXXIX corrected with white paint and brown ink; small hole in leaf CLIX, slightly affecting text.</marc:subfield></marc:datafield><marc:datafield tag="590" ind1=" " ind2=" "><marc:subfield code="a">Early manuscript notes in brown ink in several hands in parts of the book; a note relating to persecution of Jews in Brandenburg in 1510 on verso of leaf CCXXX, affected by cropping of edges; in a few woodcuts of cities which have been re-used for other locations, city name has been erased.</marc:subfield></marc:datafield><marc:datafield tag="590" ind1=" " ind2=" "><marc:subfield code="a">Early manuscript note of ownership on back pastedown, defaced, illegible; bookplate &quot;Albert Natural&quot;, and large bookplate of the Baron Bethmann; purchased in 1964.</marc:subfield></marc:datafield><marc:datafield tag="590" ind1=" " ind2=" "><marc:subfield code="a">Sixteenth century German pigskin binding blind tooled with borders made of medallions of Reformers and New Testament figures; remains of 2 clasps (repaired); 5 metal bosses. See oversized curatorial file for rubbing of front board.</marc:subfield></marc:datafield><marc:datafield tag="650" ind1=" " ind2="0"><marc:subfield code="a">Chronology, Historical</marc:subfield><marc:subfield code="v">Early works to 1800.</marc:subfield></marc:datafield><marc:datafield tag="655" ind1=" " ind2="7"><marc:subfield code="a">Annotations (Provenance)</marc:subfield><marc:subfield code="2">rbprov</marc:subfield></marc:datafield><marc:datafield tag="655" ind1=" " ind2="7"><marc:subfield code="a">Illustrated works</marc:subfield><marc:subfield code="y">15th and 16th centuries.</marc:subfield><marc:subfield code="2">rbgenr</marc:subfield></marc:datafield><marc:datafield tag="655" ind1=" " ind2="7"><marc:subfield code="a">Pigskin bindings (Binding)</marc:subfield><marc:subfield code="z">Germany</marc:subfield><marc:subfield code="y">16th century.</marc:subfield><marc:subfield code="2">rbbin</marc:subfield></marc:datafield><marc:datafield tag="700" ind1="1" ind2=" "><marc:subfield code="a">Natural, Albert,</marc:subfield><marc:subfield code="e">former owner.</marc:subfield></marc:datafield><marc:datafield tag="700" ind1="1" ind2=" "><marc:subfield code="a">Koberger, Anton,</marc:subfield><marc:subfield code="d">ca. 1440-1513,</marc:subfield><marc:subfield code="e">printer.</marc:subfield></marc:datafield><marc:datafield tag="700" ind1="1" ind2=" "><marc:subfield code="a">Wolgemut, Michael,</marc:subfield><marc:subfield code="d">1434-1519,</marc:subfield><marc:subfield code="e">printmaker.</marc:subfield></marc:datafield><marc:datafield tag="700" ind1="1" ind2=" "><marc:subfield code="a">Pleydenwurff, Wilhelm,</marc:subfield><marc:subfield code="d">d. 1494,</marc:subfield><marc:subfield code="e">printmaker.</marc:subfield></marc:datafield><marc:datafield tag="752" ind1=" " ind2=" "><marc:subfield code="a">Germany</marc:subfield><marc:subfield code="d">Nuremberg.</marc:subfield></marc:datafield><marc:datafield tag="700" ind1="1" ind2=" "><marc:subfield code="a">Bethmann,</marc:subfield><marc:subfield code="c">Baron,</marc:subfield><marc:subfield code="e">former owner.</marc:subfield></marc:datafield><marc:datafield tag="852" ind1="8" ind2=" "><marc:subfield code="x">rev. knt 201204</marc:subfield></marc:datafield><marc:datafield tag="856" ind1="4" ind2="1"><marc:subfield code="u">http://luna.folger.edu/luna/servlet/s/1m42ds</marc:subfield><marc:subfield code="z">Binding images and description for Folger Shakespeare Library INC S281</marc:subfield></marc:datafield><marc:datafield tag="950" ind1=" " ind2=" "><marc:subfield code="l">RARE</marc:subfield><marc:subfield code="i">04/23/96 C</marc:subfield></marc:datafield><marc:datafield tag="998" ind1=" " ind2=" "><marc:subfield code="a">04/23/96</marc:subfield><marc:subfield code="t">c</marc:subfield><marc:subfield code="s">9114</marc:subfield><marc:subfield code="n">DFo</marc:subfield><marc:subfield code="w">RIBR82B1088</marc:subfield><marc:subfield code="d">02/21/96</marc:subfield><marc:subfield code="c">ML</marc:subfield><marc:subfield code="b">ML</marc:subfield><marc:subfield code="l">DCFG</marc:subfield></marc:datafield></marc:record>