
<marc:record><marc:leader>02606cam a2200409 a 4500</marc:leader>
<marc:controlfield tag="001">89183</marc:controlfield>
<marc:controlfield tag="005">20110119165946.0</marc:controlfield><marc:controlfield tag="008">931025q14871488gw            000 0 lat d</marc:controlfield><marc:datafield tag="035" ind1=" " ind2=" "><marc:subfield code="9">DCFG93-B14746</marc:subfield></marc:datafield><marc:datafield tag="040" ind1=" " ind2=" "><marc:subfield code="a">DFo</marc:subfield><marc:subfield code="c">DFo</marc:subfield><marc:subfield code="e">dcrb</marc:subfield><marc:subfield code="d">UtOrBLW</marc:subfield></marc:datafield><marc:datafield tag="090" ind1=" " ind2=" "><marc:subfield code="b">INC P92</marc:subfield><marc:subfield code="t">6̃10</marc:subfield><marc:subfield code="t">6̃50</marc:subfield><marc:subfield code="i">11/05/93 C</marc:subfield></marc:datafield><marc:datafield tag="245" ind1="1" ind2="0"><marc:subfield code="a">Sermo[n]es Parati de te[m]pore et de Sanctis.</marc:subfield></marc:datafield><marc:datafield tag="260" ind1=" " ind2=" "><marc:subfield code="a">[Passau :</marc:subfield><marc:subfield code="b">Johannes Petri,</marc:subfield><marc:subfield code="c">ca. 1487-1488]</marc:subfield></marc:datafield><marc:datafield tag="300" ind1=" " ind2=" "><marc:subfield code="a">[496] p. ;</marc:subfield><marc:subfield code="c">30 cm. (fol.)</marc:subfield></marc:datafield><marc:datafield tag="500" ind1=" " ind2=" "><marc:subfield code="a">Incipit (leaf a2r): Paratus continens euangelio[rum] de t[em]p[or]e exposicõnes necnõ de tẽpore epistola[rum] sermones: elaboratu[m] opus correctissimũ Incipit feliciter.</marc:subfield></marc:datafield><marc:datafield tag="500" ind1=" " ind2=" "><marc:subfield code="a">Imprint from Goff.</marc:subfield></marc:datafield><marc:datafield tag="500" ind1=" " ind2=" "><marc:subfield code="a">Signatures: a⁸, b-x⁸/⁶, y-z⁸, A-M⁶/⁸ (a2 unsigned).</marc:subfield></marc:datafield><marc:datafield tag="500" ind1=" " ind2=" "><marc:subfield code="a">Printed in 2 columns.</marc:subfield></marc:datafield><marc:datafield tag="500" ind1=" " ind2=" "><marc:subfield code="a">Capital spaces with guide letters.</marc:subfield></marc:datafield><marc:datafield tag="510" ind1="4" ind2=" "><marc:subfield code="a">Goff</marc:subfield><marc:subfield code="c">P-98.</marc:subfield></marc:datafield><marc:datafield tag="510" ind1="4" ind2=" "><marc:subfield code="a">BM 15th cent.,</marc:subfield><marc:subfield code="c">II, p. 616 (IB.11334).</marc:subfield></marc:datafield><marc:datafield tag="510" ind1="4" ind2=" "><marc:subfield code="a">Polain</marc:subfield><marc:subfield code="c">3521.</marc:subfield></marc:datafield><marc:datafield tag="590" ind1=" " ind2=" "><marc:subfield code="a">Folger copy: lacks leaves a1 (t.p.), z3, and z6; duplicate of conjugate leaves d1 and d8, bound in gathering c, reading: c1, c2, c3, d1, d8, c4, c5, c6, and z2 and z7 bound in gathering z reading: z1, z2, z2, z4, z5, z7, z7, z8; leaf M8 perforated, affecting text.</marc:subfield></marc:datafield><marc:datafield tag="590" ind1=" " ind2=" "><marc:subfield code="a">All initials rubricated in red; also capital strokes, a few paragraph marks and some underlining on the first gatherings of each of the 2 parts of the book and on the first part of gathering s; a note in same red paint on leaf A4r, and a red pencilled note on leaf b6r.</marc:subfield></marc:datafield><marc:datafield tag="590" ind1=" " ind2=" "><marc:subfield code="a">Early manuscript notes in margins; also some notes on verso of last leaf.</marc:subfield></marc:datafield><marc:datafield tag="590" ind1=" " ind2=" "><marc:subfield code="a">Marks of ownership: &quot;Georgius Reuss de Neustadte ex Carniolana clericus&quot;; &quot;Bibliothecae Augustinianae ad D.V. Schuteranam Ingolstadij 1634. Viti Prieser SSae Theologiae Licentiati A.̊d. 91. Mense Ia&quot;; &quot;To L.C. Illingworth From C.B.&quot;; bookplate of W.T. Smedley; purchased in 1924.</marc:subfield></marc:datafield><marc:datafield tag="590" ind1=" " ind2=" "><marc:subfield code="a">Bound in contemporary quarter pigskin binding, blind tooled with leaf design rolls and 2 clasps (1 has remains only); remains of a varnished leather tab on fore-edge of leaf a2.</marc:subfield></marc:datafield><marc:datafield tag="590" ind1=" " ind2=" "><marc:subfield code="a">With: Albertus, Magnus, Saint. Sermones de tempore et de de Sanctis. Vlme : [Per] Iohannem Zainer ... impressi, [ca. 1478-1480].</marc:subfield></marc:datafield><marc:datafield tag="610" ind1="2" ind2="0"><marc:subfield code="a">Catholic Church</marc:subfield><marc:subfield code="v">Sermons.</marc:subfield></marc:datafield><marc:datafield tag="650" ind1=" " ind2="0"><marc:subfield code="a">Church year sermons.</marc:subfield></marc:datafield><marc:datafield tag="650" ind1=" " ind2="0"><marc:subfield code="a">Sermons, Latin.</marc:subfield></marc:datafield><marc:datafield tag="655" ind1=" " ind2="7"><marc:subfield code="a">Annotations (Provenance)</marc:subfield><marc:subfield code="2">rbprov</marc:subfield></marc:datafield><marc:datafield tag="700" ind1="1" ind2=" "><marc:subfield code="a">Petri, Johann,</marc:subfield><marc:subfield code="d">fl. 1472-1498,</marc:subfield><marc:subfield code="e">printer.</marc:subfield></marc:datafield><marc:datafield tag="752" ind1="1" ind2="0"><marc:subfield code="d">Passau.</marc:subfield></marc:datafield><marc:datafield tag="100" ind1="0" ind2=" "><marc:subfield code="a">Paratus.</marc:subfield></marc:datafield><marc:datafield tag="950" ind1=" " ind2=" "><marc:subfield code="l">RARE</marc:subfield><marc:subfield code="e">Bd.w. INC A301</marc:subfield><marc:subfield code="i">11/05/93 C</marc:subfield></marc:datafield><marc:datafield tag="998" ind1=" " ind2=" "><marc:subfield code="a">11/05/93</marc:subfield><marc:subfield code="t">c</marc:subfield><marc:subfield code="s">9114</marc:subfield><marc:subfield code="n">DFo</marc:subfield><marc:subfield code="w">DCFG93B14746</marc:subfield><marc:subfield code="d">10/25/93</marc:subfield><marc:subfield code="c">ML</marc:subfield><marc:subfield code="b">MT</marc:subfield><marc:subfield code="l">DCFG</marc:subfield></marc:datafield></marc:record>