
<marc:record><marc:leader>02392cam a2200361 a 4500</marc:leader>
<marc:controlfield tag="001">89509</marc:controlfield>
<marc:controlfield tag="005">20110119165953.0</marc:controlfield><marc:controlfield tag="008">940113s1468    it            000 0 lat d</marc:controlfield><marc:datafield tag="035" ind1=" " ind2=" "><marc:subfield code="9">DCFG94-B267</marc:subfield></marc:datafield><marc:datafield tag="040" ind1=" " ind2=" "><marc:subfield code="a">DFo</marc:subfield><marc:subfield code="c">DFo</marc:subfield><marc:subfield code="e">dcrb</marc:subfield></marc:datafield><marc:datafield tag="090" ind1=" " ind2=" "><marc:subfield code="b">INC A1090</marc:subfield><marc:subfield code="n">:SL Fragment of 24 leaves only; penciled annotations identifying contents, lacunae, etc.</marc:subfield><marc:subfield code="t">7̃96-1</marc:subfield><marc:subfield code="i">06/07/95 X</marc:subfield><marc:subfield code="h">02/25/94 C</marc:subfield></marc:datafield><marc:datafield tag="240" ind1="1" ind2="0"><marc:subfield code="a">De civitate Dei</marc:subfield></marc:datafield><marc:datafield tag="245" ind1="1" ind2="0"><marc:subfield code="a">Aurelii Augustini De ciuitate Dei primi libri incipiunt rubrice.</marc:subfield></marc:datafield><marc:datafield tag="260" ind1=" " ind2=" "><marc:subfield code="a">[Rome] :</marc:subfield><marc:subfield code="b">Hoc Conradus opus Suueynheym ordine miro Arnoldusq[ue] simul Pannarts una ede colendi gente Theotonica, Rome expediere sodales, in domo Petri de Maximo,</marc:subfield><marc:subfield code="c">1468.</marc:subfield></marc:datafield><marc:datafield tag="300" ind1=" " ind2=" "><marc:subfield code="a">[548] p. ;</marc:subfield><marc:subfield code="c">41 cm. (fol.).</marc:subfield></marc:datafield><marc:datafield tag="590" ind1=" " ind2=" "><marc:subfield code="a">Folger copy: fragment of 24 leaves only; description provided by BM 15th cent., IV, p. 5 (IC.17107).</marc:subfield></marc:datafield><marc:datafield tag="500" ind1=" " ind2=" "><marc:subfield code="a">Spaces for rubrics and capitals.</marc:subfield></marc:datafield><marc:datafield tag="500" ind1=" " ind2=" "><marc:subfield code="a">Type: 115R. Cf. BM 15th cent., IV p. 5 (Plate I*).</marc:subfield></marc:datafield><marc:datafield tag="510" ind1="4" ind2=" "><marc:subfield code="a">Goff</marc:subfield><marc:subfield code="c">A-1231.</marc:subfield></marc:datafield><marc:datafield tag="510" ind1="4" ind2=" "><marc:subfield code="a">GW</marc:subfield><marc:subfield code="c">2875.</marc:subfield></marc:datafield><marc:datafield tag="590" ind1=" " ind2=" "><marc:subfield code="a">Fragment contains: Book 14, ch. 15-pt. of 17; pt. of 21-pt. of 26; book 15, pt. of ch. 5-pt. of ch. 8, pt. of ch. 11-pt. of 13; book 7, ch. 17-35; book 8, ch. 1-pt. of 7; book 16, pt. of ch. 34-ch. 43; book 17, ch. 1-pt. of ch. 9.</marc:subfield></marc:datafield><marc:datafield tag="590" ind1=" " ind2=" "><marc:subfield code="a">This fragment is identifiable as the 1468 ed. through comparison with the 1470 ed. which is in a different setting; chapter headings have been left to the rubricator whereas in the 1470 ed. the headings are printed; BM 15th cent. does note in the description of IC.17140 (v. IV, p. 9) that with only one exception, works from this press that lack printed headings appeared prior to 1470.</marc:subfield></marc:datafield><marc:datafield tag="590" ind1=" " ind2=" "><marc:subfield code="a">A few letters unevenly printed have been filled in by hand in the 1st pt. of chapter 9 of book 17.</marc:subfield></marc:datafield><marc:datafield tag="590" ind1=" " ind2=" "><marc:subfield code="a">Some leaves previously repaired and outer margins added; some mold damage; in a tailored box.</marc:subfield></marc:datafield><marc:datafield tag="590" ind1=" " ind2=" "><marc:subfield code="a">Bookplate of W.T. Smedley; purchased in 1924.</marc:subfield></marc:datafield><marc:datafield tag="590" ind1=" " ind2=" "><marc:subfield code="a">With: Jerome, Saint. Epistolarum pars secunda. [Rome : Georg Lauer, 5 April 1479]</marc:subfield></marc:datafield><marc:datafield tag="700" ind1="1" ind2=" "><marc:subfield code="a">Smedley, William T.</marc:subfield><marc:subfield code="q">(William Thomas),</marc:subfield><marc:subfield code="d">b. 1851,</marc:subfield><marc:subfield code="e">former owner.</marc:subfield></marc:datafield><marc:datafield tag="700" ind1="1" ind2=" "><marc:subfield code="a">Sweynheim, Konrad,</marc:subfield><marc:subfield code="d">d. 1477,</marc:subfield><marc:subfield code="e">printer.</marc:subfield></marc:datafield><marc:datafield tag="700" ind1="1" ind2=" "><marc:subfield code="a">Pannartz, Arnold,</marc:subfield><marc:subfield code="d">d. ca. 1476,</marc:subfield><marc:subfield code="e">printer.</marc:subfield></marc:datafield><marc:datafield tag="752" ind1="1" ind2="0"><marc:subfield code="d">Rome.</marc:subfield></marc:datafield><marc:datafield tag="100" ind1="0" ind2=" "><marc:subfield code="a">Augustine,</marc:subfield><marc:subfield code="c">Saint, Bishop of Hippo.</marc:subfield></marc:datafield><marc:datafield tag="950" ind1=" " ind2=" "><marc:subfield code="l">RARE</marc:subfield><marc:subfield code="e">Bd.w. INC H155</marc:subfield><marc:subfield code="h">02/25/94 C</marc:subfield></marc:datafield><marc:datafield tag="998" ind1=" " ind2=" "><marc:subfield code="a">06/07/95</marc:subfield><marc:subfield code="t">c</marc:subfield><marc:subfield code="s">9114</marc:subfield><marc:subfield code="n">DFo</marc:subfield><marc:subfield code="w">DCFG94B267</marc:subfield><marc:subfield code="d">01/13/94</marc:subfield><marc:subfield code="c">SJ</marc:subfield><marc:subfield code="b">MT</marc:subfield><marc:subfield code="l">DCFG</marc:subfield></marc:datafield></marc:record>