
<marc:record><marc:leader>01800cam a2200361 a 4500</marc:leader>
<marc:controlfield tag="001">90579</marc:controlfield>
<marc:controlfield tag="005">20110119170039.0</marc:controlfield><marc:controlfield tag="008">951222s1486    it            000 0 lat d</marc:controlfield><marc:datafield tag="035" ind1=" " ind2=" "><marc:subfield code="9">DCFG95-B2634</marc:subfield></marc:datafield><marc:datafield tag="040" ind1=" " ind2=" "><marc:subfield code="a">DFo</marc:subfield><marc:subfield code="c">DFo</marc:subfield><marc:subfield code="e">dcrb</marc:subfield><marc:subfield code="d">UtOrBLW</marc:subfield></marc:datafield><marc:datafield tag="090" ind1=" " ind2=" "><marc:subfield code="b">INC R314</marc:subfield><marc:subfield code="f">cs6653</marc:subfield><marc:subfield code="t">6̃50</marc:subfield><marc:subfield code="t">7̃96-1</marc:subfield><marc:subfield code="i">01/29/96 N</marc:subfield><marc:subfield code="h">01/02/96 C</marc:subfield></marc:datafield><marc:datafield tag="100" ind1="1" ind2=" "><marc:subfield code="a">Roselli, Antonio,</marc:subfield><marc:subfield code="d">1380-1466.</marc:subfield></marc:datafield><marc:datafield tag="240" ind1="1" ind2="0"><marc:subfield code="a">De jejuniis</marc:subfield></marc:datafield><marc:datafield tag="245" ind1="1" ind2="0"><marc:subfield code="a">Tractatus de ieiunijs compositus per dominum Antoniu[m] de Rosellis vtriusq[ue] iuris doctorem.</marc:subfield></marc:datafield><marc:datafield tag="260" ind1=" " ind2=" "><marc:subfield code="a">[Rome] :</marc:subfield><marc:subfield code="b">Impressus per magistrum Steffanu[m] Plannck de Patauia Rom[a]e,</marc:subfield><marc:subfield code="c">anno D[omi]ni 1486 die vero Sabati vicesimaprima mensis Ianuarij.</marc:subfield></marc:datafield><marc:datafield tag="300" ind1=" " ind2=" "><marc:subfield code="a">[12] p. ;</marc:subfield><marc:subfield code="c">21 cm. (4to)</marc:subfield></marc:datafield><marc:datafield tag="500" ind1=" " ind2=" "><marc:subfield code="a">Title from caption (leaf [a]2r).</marc:subfield></marc:datafield><marc:datafield tag="500" ind1=" " ind2=" "><marc:subfield code="a">Imprint from colophon (leaf [a]6r).</marc:subfield></marc:datafield><marc:datafield tag="500" ind1=" " ind2=" "><marc:subfield code="a">Signatures: [a]⁶.</marc:subfield></marc:datafield><marc:datafield tag="500" ind1=" " ind2=" "><marc:subfield code="a">Capital space on leaf [a]2r.</marc:subfield></marc:datafield><marc:datafield tag="510" ind1="4" ind2=" "><marc:subfield code="a">Goff</marc:subfield><marc:subfield code="c">R-324.</marc:subfield></marc:datafield><marc:datafield tag="510" ind1="4" ind2=" "><marc:subfield code="a">BM 15th cent.,</marc:subfield><marc:subfield code="c">IV, p. 86 (IA.18438).</marc:subfield></marc:datafield><marc:datafield tag="510" ind1="4" ind2=" "><marc:subfield code="a">Hain</marc:subfield><marc:subfield code="c">13979*.</marc:subfield></marc:datafield><marc:datafield tag="590" ind1=" " ind2=" "><marc:subfield code="a">Folger copy: pencilled note on front flyleaf &quot;Ellis Jan. 13. 1865 Hawes binding, 1865&quot;; another inscription in ink &quot;This book was given to John Roger Maxwell Jr. &amp; Lydia Clothier Maxwell as a wedding gift Oct. 24th 1903 by Mr. &amp; Mrs. Henry Clay Folger and is now presented to the Shakespeare Library by Lydia Clothier Maxwell April 26th 1938&quot;; white label with printed no. &quot;232&quot; on front free endpaper.</marc:subfield></marc:datafield><marc:datafield tag="590" ind1=" " ind2=" "><marc:subfield code="a">In a red morocco binding, gold tooled (J.B. Hawes).</marc:subfield></marc:datafield><marc:datafield tag="650" ind1=" " ind2="0"><marc:subfield code="a">Fasting.</marc:subfield></marc:datafield><marc:datafield tag="700" ind1="1" ind2=" "><marc:subfield code="a">Hawes, J. B.,</marc:subfield><marc:subfield code="e">binder.</marc:subfield></marc:datafield><marc:datafield tag="700" ind1="1" ind2=" "><marc:subfield code="a">Maxwell, John Roger,</marc:subfield><marc:subfield code="e">former owner.</marc:subfield></marc:datafield><marc:datafield tag="700" ind1="1" ind2=" "><marc:subfield code="a">Maxwell, Lydia Clothier,</marc:subfield><marc:subfield code="e">former owner.</marc:subfield></marc:datafield><marc:datafield tag="700" ind1="1" ind2=" "><marc:subfield code="a">Plannck, Stephan,</marc:subfield><marc:subfield code="d">15th cent,</marc:subfield><marc:subfield code="e">printer.</marc:subfield></marc:datafield><marc:datafield tag="752" ind1="1" ind2="0"><marc:subfield code="d">Rome.</marc:subfield></marc:datafield><marc:datafield tag="950" ind1=" " ind2=" "><marc:subfield code="l">RARE</marc:subfield><marc:subfield code="e">copy 1</marc:subfield><marc:subfield code="h">01/02/96 C</marc:subfield></marc:datafield><marc:datafield tag="998" ind1=" " ind2=" "><marc:subfield code="a">01/29/96</marc:subfield><marc:subfield code="t">c</marc:subfield><marc:subfield code="s">9114</marc:subfield><marc:subfield code="n">DFo</marc:subfield><marc:subfield code="w">DCFG95B2634</marc:subfield><marc:subfield code="d">12/22/95</marc:subfield><marc:subfield code="c">ML</marc:subfield><marc:subfield code="b">ML</marc:subfield><marc:subfield code="l">DCFG</marc:subfield></marc:datafield></marc:record>