
<marc:record><marc:leader>02888cam a2200397 a 4500</marc:leader>
<marc:controlfield tag="001">90210</marc:controlfield>
<marc:controlfield tag="005">20120822112959.0</marc:controlfield><marc:controlfield tag="008">950124s1483    gw            001 0 lat d</marc:controlfield><marc:datafield tag="035" ind1=" " ind2=" "><marc:subfield code="9">DCFG95-B260</marc:subfield></marc:datafield><marc:datafield tag="035" ind1=" " ind2=" "><marc:subfield code="a">90210</marc:subfield></marc:datafield><marc:datafield tag="040" ind1=" " ind2=" "><marc:subfield code="a">DFo</marc:subfield><marc:subfield code="c">DFo</marc:subfield><marc:subfield code="e">dcrb</marc:subfield><marc:subfield code="d">UtOrBLW</marc:subfield></marc:datafield><marc:datafield tag="090" ind1=" " ind2=" "><marc:subfield code="b">INC H259</marc:subfield><marc:subfield code="f">167716</marc:subfield><marc:subfield code="t">7̃40</marc:subfield><marc:subfield code="t">7̃55</marc:subfield><marc:subfield code="i">01/30/95 C</marc:subfield></marc:datafield><marc:datafield tag="100" ind1="1" ind2=" "><marc:subfield code="a">Holkot, Robertus,</marc:subfield><marc:subfield code="d">d. 1349.</marc:subfield></marc:datafield><marc:datafield tag="240" ind1="1" ind2="0"><marc:subfield code="a">Super sapientiam Salomonis</marc:subfield></marc:datafield><marc:datafield tag="245" ind1="1" ind2="0"><marc:subfield code="a">Opus preclarissimum eximij d[omi]ni magistri Roperti Holkot ... ordinis fratru[m] p[rae]dicato[rum] sup[er] sapie[n]tia[m] Salomonis, qua[m] philo disertissimus collegit ...</marc:subfield></marc:datafield><marc:datafield tag="246" ind1="3" ind2=" "><marc:subfield code="a">Opus super sapientiam Salomonis.</marc:subfield></marc:datafield><marc:datafield tag="246" ind1="3" ind2=" "><marc:subfield code="a">Opus preclarissimum eximij domini magistri Roperti Holkot ... ordinis fratrum praedicatorum super sapientiam Salomonis, quam philo disertissimus collegit ...</marc:subfield></marc:datafield><marc:datafield tag="246" ind1="3" ind2=" "><marc:subfield code="a">Opus preclarissimum eximij dni magistri Roperti Holkot ... ordinis fratru pdicato sup sapietia Salomonis, qua philo disertissimus collegit ...</marc:subfield></marc:datafield><marc:datafield tag="260" ind1=" " ind2=" "><marc:subfield code="a">[Speyer] :</marc:subfield><marc:subfield code="b">Per me Petrum Drach ciuem Spiren[sem] impressu[m],</marc:subfield><marc:subfield code="c">anno Incarnat[i]onis Dominice [1483] quarta die Kale[n]das Marcij [26 Feb.] ...</marc:subfield></marc:datafield><marc:datafield tag="300" ind1=" " ind2=" "><marc:subfield code="a">[700] p. ;</marc:subfield><marc:subfield code="c">30 cm. (fol.)</marc:subfield></marc:datafield><marc:datafield tag="500" ind1=" " ind2=" "><marc:subfield code="a">Title from incipit (leaf A2r).</marc:subfield></marc:datafield><marc:datafield tag="500" ind1=" " ind2=" "><marc:subfield code="a">Imprint from colophon (leaf t7v) which gives date in Latin words.</marc:subfield></marc:datafield><marc:datafield tag="500" ind1=" " ind2=" "><marc:subfield code="a">Signatures: [superscript pi]¹⁰ [2 superscript pi]⁸ A¹⁰ B-Z⁸ a-c⁸ d⁶ e-q⁸ r-s⁶ t⁸.</marc:subfield></marc:datafield><marc:datafield tag="500" ind1=" " ind2=" "><marc:subfield code="a">Printed in 2 columns.</marc:subfield></marc:datafield><marc:datafield tag="500" ind1=" " ind2=" "><marc:subfield code="a">Capital spaces.</marc:subfield></marc:datafield><marc:datafield tag="500" ind1=" " ind2=" "><marc:subfield code="a">Leaves [superscript pi]1, A1 and t8 blank.</marc:subfield></marc:datafield><marc:datafield tag="510" ind1="4" ind2=" "><marc:subfield code="a">Goff</marc:subfield><marc:subfield code="c">H-289</marc:subfield></marc:datafield><marc:datafield tag="510" ind1="4" ind2=" "><marc:subfield code="a">BM 15th cent.,</marc:subfield><marc:subfield code="c">II, p. 493 (IB.8537).</marc:subfield></marc:datafield><marc:datafield tag="510" ind1="4" ind2=" "><marc:subfield code="a">Hain-Copinger,</marc:subfield><marc:subfield code="c">8757*</marc:subfield></marc:datafield><marc:datafield tag="655" ind1=" " ind2="7"><marc:subfield code="a">Clasps (Binding)</marc:subfield><marc:subfield code="2">rbbin</marc:subfield></marc:datafield><marc:datafield tag="655" ind1=" " ind2="7"><marc:subfield code="a">Sheepskin bindings (Binding)</marc:subfield><marc:subfield code="z">Germany</marc:subfield><marc:subfield code="z">Augsburg</marc:subfield><marc:subfield code="y">15th century.</marc:subfield><marc:subfield code="2">rbbin</marc:subfield></marc:datafield><marc:datafield tag="700" ind1="1" ind2=" "><marc:subfield code="a">Drach, Peter,</marc:subfield><marc:subfield code="d">d. 1504,</marc:subfield><marc:subfield code="e">printer.</marc:subfield></marc:datafield><marc:datafield tag="752" ind1=" " ind2=" "><marc:subfield code="a">Germany</marc:subfield><marc:subfield code="d">Speyer.</marc:subfield></marc:datafield><marc:datafield tag="852" ind1="8" ind2=" "><marc:subfield code="b">DeckC-Rare</marc:subfield><marc:subfield code="h">INC H259</marc:subfield><marc:subfield code="x">ML 19950124</marc:subfield><marc:subfield code="z">Capitals provided in red throughout the book. A few fists and manuscript notes in brown ink, several of them on leaves f3-f4; a few corrections in text and of errors in headings; also an early note (or quote?) on front pastedown followed by &quot;AP&quot;; references (or shelfmarks?) handwritten on front endpaper one reading &quot;7 Ss d.&quot;, the other &quot;R[?] 8 Ss d&quot;. Original Augsburg sheepskin binding on wooden boards, blind tooled, (Kyriss 77; Schwenke-Schunke &quot;Blattwerk 452&quot;); 5 bosses (only 3 remain on each cover); remains of 2 clasps catching on front cover; early label at head of front cover reading &quot;Ropert[us] Holcot sup[er] lib[er] sapiẽ.&quot;; fragment of an early paper label on spine reading &quot;VII [...?]9:&quot; (other inscriptions have been covered by more recent labels). Purchased in 1958.</marc:subfield></marc:datafield><marc:datafield tag="856" ind1="4" ind2="1"><marc:subfield code="u">http://luna.folger.edu/luna/servlet/s/o7q1di</marc:subfield><marc:subfield code="z">Binding images and description for Folger Shakespeare Library INC H259</marc:subfield></marc:datafield><marc:datafield tag="998" ind1=" " ind2=" "><marc:subfield code="a">01/30/95</marc:subfield><marc:subfield code="t">c</marc:subfield><marc:subfield code="s">9114</marc:subfield><marc:subfield code="n">DFo</marc:subfield><marc:subfield code="w">DCFG95B260</marc:subfield><marc:subfield code="d">01/24/95</marc:subfield><marc:subfield code="c">ML</marc:subfield><marc:subfield code="b">ML</marc:subfield><marc:subfield code="l">DCFG</marc:subfield></marc:datafield></marc:record>