
<marc:record><marc:leader>03352cam a2200493 a 4500</marc:leader>
<marc:controlfield tag="001">90756</marc:controlfield>
<marc:controlfield tag="005">20120822135852.0</marc:controlfield><marc:controlfield tag="008">960416s1477    gw            000 0 lat d</marc:controlfield><marc:datafield tag="035" ind1=" " ind2=" "><marc:subfield code="9">DCFG96-B655</marc:subfield></marc:datafield><marc:datafield tag="040" ind1=" " ind2=" "><marc:subfield code="a">DFo</marc:subfield><marc:subfield code="c">DFo</marc:subfield><marc:subfield code="e">dcrb</marc:subfield><marc:subfield code="d">UtOrBLW</marc:subfield></marc:datafield><marc:datafield tag="090" ind1=" " ind2=" "><marc:subfield code="b">INC V300</marc:subfield><marc:subfield code="i">05/02/96 C</marc:subfield></marc:datafield><marc:datafield tag="130" ind1="0" ind2=" "><marc:subfield code="a">Vocabularius juris utriusque.</marc:subfield></marc:datafield><marc:datafield tag="245" ind1="1" ind2="0"><marc:subfield code="a">Incipit Vocabularius iuris vtriusq[ue].</marc:subfield></marc:datafield><marc:datafield tag="260" ind1=" " ind2=" "><marc:subfield code="a">[Speyer :</marc:subfield><marc:subfield code="b">Peter Drach,</marc:subfield><marc:subfield code="c">ca. 1477]</marc:subfield></marc:datafield><marc:datafield tag="300" ind1=" " ind2=" "><marc:subfield code="a">[412] p. (the first [2] p. blank) ;</marc:subfield><marc:subfield code="c">31 cm. (fol.)</marc:subfield></marc:datafield><marc:datafield tag="500" ind1=" " ind2=" "><marc:subfield code="a">Title from incipit (leaf [a]2r).</marc:subfield></marc:datafield><marc:datafield tag="500" ind1=" " ind2=" "><marc:subfield code="a">Compiled by Jodocus Erfordensis. Cf. E. Seckel, Beiträge zur Geschichte beider Rechte im Mittelalter, Tübingen, 1898, p. 16-69).</marc:subfield></marc:datafield><marc:datafield tag="500" ind1=" " ind2=" "><marc:subfield code="a">Imprint from Goff; Sheppard dates about 1480.</marc:subfield></marc:datafield><marc:datafield tag="500" ind1=" " ind2=" "><marc:subfield code="a">Signatures: [a]¹⁰, [b-c]⁸, [d]⁶, [e-q]⁸, [r]¹⁰, [s-z]⁸, [A]⁸, [B]¹⁰, [C]²·</marc:subfield></marc:datafield><marc:datafield tag="500" ind1=" " ind2=" "><marc:subfield code="a">Capital spaces.</marc:subfield></marc:datafield><marc:datafield tag="510" ind1="4" ind2=" "><marc:subfield code="a">Goff</marc:subfield><marc:subfield code="c">V-337.</marc:subfield></marc:datafield><marc:datafield tag="510" ind1="4" ind2=" "><marc:subfield code="a">Reichling</marc:subfield><marc:subfield code="c">1105.</marc:subfield></marc:datafield><marc:datafield tag="500" ind1=" " ind2=" "><marc:subfield code="a">Error in imposition of conjugate leaves [s]3,[s]6: text on [s]3v and [s]6r inverted.</marc:subfield></marc:datafield><marc:datafield tag="590" ind1=" " ind2=" "><marc:subfield code="a">Folger copy lacks first leaf (blank), and 3 leaves at end.</marc:subfield></marc:datafield><marc:datafield tag="590" ind1=" " ind2=" "><marc:subfield code="a">Initials provided in red at beginning of each part, some with brown penwork infill; capital strokes and paragraph marks in red; rubrication of printed paragraph marks throughout the book; some words of text, unevenly printed are filled in with red paint; also a few reader's marks in margins, in same paint.</marc:subfield></marc:datafield><marc:datafield tag="590" ind1=" " ind2=" "><marc:subfield code="a">Early manuscript finding notes in one hand with a few drawings and markings (&quot;Nota&quot;, &quot;V[ide]&quot;,etc.); one of the notes refers to &quot;Dominus suche&quot; on leaf [o]5r; some notes point to inversion of text on leaves [s]3v and [s]6r.</marc:subfield></marc:datafield><marc:datafield tag="590" ind1=" " ind2=" "><marc:subfield code="a">Booklabel of George Dunn with his initials, date &quot;June 1902&quot;, and bibliographic notes pencilled on front free endpaper (no. 3900 in the Sotheby sale catalog of his library, Nov. 1917); bookplate of W.T. Smedley; purchased in 1924.</marc:subfield></marc:datafield><marc:datafield tag="590" ind1=" " ind2=" "><marc:subfield code="a">In a contemporary Oxford calf binding with blind tooled decoration from the Rood and Hund bindery; central panels made of juxtaposition of square animal stamps (unicorn, double-headed eagle with a star between its heads, 2 cocks affrontés, a chalice between 2 doves, etc.) in a border made of foliage stamps; some animal stamps are repeated in the outer border; remains of 2 clasps catching on lower cover; manuscript numbering of gatherings, affected by cropping of edges; manuscript fragment sewn inside each gathering. Cf. Hobson, G. D. English bindings before 1500, pl</marc:subfield></marc:datafield><marc:datafield tag="650" ind1=" " ind2="0"><marc:subfield code="a">Law</marc:subfield><marc:subfield code="v">Terminology.</marc:subfield></marc:datafield><marc:datafield tag="650" ind1=" " ind2="0"><marc:subfield code="a">Canon law.</marc:subfield></marc:datafield><marc:datafield tag="650" ind1=" " ind2="0"><marc:subfield code="a">Roman law.</marc:subfield></marc:datafield><marc:datafield tag="655" ind1=" " ind2="7"><marc:subfield code="a">Annotations (Provenance)</marc:subfield><marc:subfield code="2">rbprov</marc:subfield></marc:datafield><marc:datafield tag="655" ind1=" " ind2="7"><marc:subfield code="a">Imposition errors (Printing)</marc:subfield><marc:subfield code="2">rbpri</marc:subfield></marc:datafield><marc:datafield tag="655" ind1=" " ind2="7"><marc:subfield code="a">Calf bindings (Binding)</marc:subfield><marc:subfield code="z">England</marc:subfield><marc:subfield code="z">Oxford</marc:subfield><marc:subfield code="y">15th century.</marc:subfield><marc:subfield code="2">rbbin</marc:subfield></marc:datafield><marc:datafield tag="655" ind1=" " ind2="7"><marc:subfield code="a">Manuscript waste (Binding)</marc:subfield><marc:subfield code="2">rbbin</marc:subfield></marc:datafield><marc:datafield tag="710" ind1="2" ind2=" "><marc:subfield code="a">Rood and Hunt bindery,</marc:subfield><marc:subfield code="e">binder.</marc:subfield></marc:datafield><marc:datafield tag="700" ind1="1" ind2=" "><marc:subfield code="a">Dunn, George,</marc:subfield><marc:subfield code="d">1864-1912,</marc:subfield><marc:subfield code="e">former owner.</marc:subfield></marc:datafield><marc:datafield tag="700" ind1="1" ind2=" "><marc:subfield code="a">Smedley, William T.</marc:subfield><marc:subfield code="q">(William Thomas),</marc:subfield><marc:subfield code="d">b. 1851,</marc:subfield><marc:subfield code="e">former owner.</marc:subfield></marc:datafield><marc:datafield tag="700" ind1="1" ind2=" "><marc:subfield code="a">Drach, Peter,</marc:subfield><marc:subfield code="d">d. 1504,</marc:subfield><marc:subfield code="e">printer.</marc:subfield></marc:datafield><marc:datafield tag="752" ind1="1" ind2="0"><marc:subfield code="d">Speyer.</marc:subfield></marc:datafield><marc:datafield tag="700" ind1="0" ind2=" "><marc:subfield code="a">Jodocus,</marc:subfield><marc:subfield code="c">Erdordensis.</marc:subfield></marc:datafield><marc:datafield tag="856" ind1="4" ind2="1"><marc:subfield code="u">http://luna.folger.edu/luna/servlet/s/q24rr8</marc:subfield><marc:subfield code="z">Binding images and description for Folger Shakespeare Library INC V300</marc:subfield></marc:datafield><marc:datafield tag="950" ind1=" " ind2=" "><marc:subfield code="l">RARE</marc:subfield><marc:subfield code="i">05/02/96 C</marc:subfield></marc:datafield><marc:datafield tag="998" ind1=" " ind2=" "><marc:subfield code="a">05/02/96</marc:subfield><marc:subfield code="t">c</marc:subfield><marc:subfield code="s">9114</marc:subfield><marc:subfield code="n">DFo</marc:subfield><marc:subfield code="w">DCFG96B655</marc:subfield><marc:subfield code="d">04/16/96</marc:subfield><marc:subfield code="c">ML</marc:subfield><marc:subfield code="b">ML</marc:subfield><marc:subfield code="l">DCFG</marc:subfield></marc:datafield></marc:record>