
<marc:record><marc:leader>02264cam a2200397 a 4500</marc:leader>
<marc:controlfield tag="001">89482</marc:controlfield>
<marc:controlfield tag="005">20110119165952.0</marc:controlfield><marc:controlfield tag="008">940110s1491    fr            000 0 lat d</marc:controlfield><marc:datafield tag="035" ind1=" " ind2=" "><marc:subfield code="9">DCFG94-B164</marc:subfield></marc:datafield><marc:datafield tag="040" ind1=" " ind2=" "><marc:subfield code="a">DFo</marc:subfield><marc:subfield code="c">DFo</marc:subfield><marc:subfield code="e">dcrb</marc:subfield><marc:subfield code="d">UtOrBLW</marc:subfield></marc:datafield><marc:datafield tag="090" ind1=" " ind2=" "><marc:subfield code="b">INC A1080</marc:subfield><marc:subfield code="f">cs844</marc:subfield><marc:subfield code="t">6̃00</marc:subfield><marc:subfield code="t">6̃50</marc:subfield><marc:subfield code="t">7̃40</marc:subfield><marc:subfield code="i">01/31/94 C</marc:subfield></marc:datafield><marc:datafield tag="240" ind1="1" ind2="0"><marc:subfield code="a">Selections.</marc:subfield><marc:subfield code="f">1491</marc:subfield></marc:datafield><marc:datafield tag="245" ind1="1" ind2="0"><marc:subfield code="a">Aurelii Augustini Opuscula plurima.</marc:subfield></marc:datafield><marc:datafield tag="246" ind1="3" ind2="3"><marc:subfield code="a">Opuscula plurima</marc:subfield></marc:datafield><marc:datafield tag="260" ind1=" " ind2=" "><marc:subfield code="a">[Strasbourg] :</marc:subfield><marc:subfield code="b">Impensis et op[er]a Martini Flach Arge[n]tinae accuratissime impresso[rum] ...,</marc:subfield><marc:subfield code="c">anno a Natiuitate Saluator[is] nostri, 1491, die xi. me[n]sis Augusti.</marc:subfield></marc:datafield><marc:datafield tag="300" ind1=" " ind2=" "><marc:subfield code="a">[6], CCLXVII, [1] leaves (the last leaf blank) ;</marc:subfield><marc:subfield code="c">29 cm. (fol.)</marc:subfield></marc:datafield><marc:datafield tag="500" ind1=" " ind2=" "><marc:subfield code="a">Imprint from colophon (leaf Q7v), which reads: Aurelij Augustini Hipponẽsis ep̃i: ac doctoris ecclesiae sanctissimi pariter [et] p[er]spicacissimi: pl[ur]imo[rum] opusculo[rum] nec non vitae ei[us] a Possidonio [con]scriptae: impensis et op[er]a Martini flach Argẽtinae accuratissime impresso[rum] Finis Anno a natiuitate saluator[is] nostri. M.cccc.xci. die. xi. mẽsis Augusti.</marc:subfield></marc:datafield><marc:datafield tag="500" ind1=" " ind2=" "><marc:subfield code="a">Signatures: a⁶, b⁸, c-h⁸/⁶, i⁸, k-z⁸/⁶, A-K⁸/⁶, L⁶, M-P⁸/⁶, Q⁸.</marc:subfield></marc:datafield><marc:datafield tag="500" ind1=" " ind2=" "><marc:subfield code="a">Printed in 2 columns.</marc:subfield></marc:datafield><marc:datafield tag="500" ind1=" " ind2=" "><marc:subfield code="a">Capital spaces with guide letters.</marc:subfield></marc:datafield><marc:datafield tag="500" ind1=" " ind2=" "><marc:subfield code="a">Headlines give the titles of the books and the foliation.</marc:subfield></marc:datafield><marc:datafield tag="510" ind1="4" ind2=" "><marc:subfield code="a">Goff</marc:subfield><marc:subfield code="c">A-1221.</marc:subfield></marc:datafield><marc:datafield tag="510" ind1="4" ind2=" "><marc:subfield code="a">BM 15th cent.,</marc:subfield><marc:subfield code="c">I, p. 151 (IB.2157).</marc:subfield></marc:datafield><marc:datafield tag="510" ind1="4" ind2=" "><marc:subfield code="a">GW</marc:subfield><marc:subfield code="c">2868.</marc:subfield></marc:datafield><marc:datafield tag="500" ind1=" " ind2=" "><marc:subfield code="a">For contents see CIBN A-672.</marc:subfield></marc:datafield><marc:datafield tag="590" ind1=" " ind2=" "><marc:subfield code="a">Folger copy: leaves a1 and a6, lacking, replaced by blank leaves, with title and end of tables provided in manuscript.</marc:subfield></marc:datafield><marc:datafield tag="590" ind1=" " ind2=" "><marc:subfield code="a">Some early manuscript notes, fists, brackets and some underlining, provided in brown or red ink; inscriptions in brown ink on top and fore-edge partially illegible, one of them reading &quot;Pars&quot;[?]</marc:subfield></marc:datafield><marc:datafield tag="590" ind1=" " ind2=" "><marc:subfield code="a">Purchased in 1914.</marc:subfield></marc:datafield><marc:datafield tag="650" ind1=" " ind2="0"><marc:subfield code="a">Christian life</marc:subfield><marc:subfield code="x">History</marc:subfield><marc:subfield code="y">Early church, ca. 30-600.</marc:subfield></marc:datafield><marc:datafield tag="655" ind1=" " ind2="7"><marc:subfield code="a">Annotations (Provenance)</marc:subfield><marc:subfield code="2">rbprov</marc:subfield></marc:datafield><marc:datafield tag="700" ind1="1" ind2=" "><marc:subfield code="a">Flach, Martin,</marc:subfield><marc:subfield code="d">d. 1500,</marc:subfield><marc:subfield code="e">printer.</marc:subfield></marc:datafield><marc:datafield tag="752" ind1=" " ind2=" "><marc:subfield code="a">France</marc:subfield><marc:subfield code="d">Strasbourg.</marc:subfield></marc:datafield><marc:datafield tag="100" ind1="0" ind2=" "><marc:subfield code="a">Augustine,</marc:subfield><marc:subfield code="c">Saint, Bishop of Hippo.</marc:subfield></marc:datafield><marc:datafield tag="600" ind1="0" ind2="0"><marc:subfield code="a">Augustine,</marc:subfield><marc:subfield code="c">Saint, Bishop of Hippo.</marc:subfield></marc:datafield><marc:datafield tag="950" ind1=" " ind2=" "><marc:subfield code="l">RARE</marc:subfield><marc:subfield code="i">01/31/94 C</marc:subfield></marc:datafield><marc:datafield tag="998" ind1=" " ind2=" "><marc:subfield code="a">01/31/94</marc:subfield><marc:subfield code="t">c</marc:subfield><marc:subfield code="s">9114</marc:subfield><marc:subfield code="n">DFo</marc:subfield><marc:subfield code="w">DCFG94B164</marc:subfield><marc:subfield code="d">01/10/94</marc:subfield><marc:subfield code="c">ML</marc:subfield><marc:subfield code="b">MT</marc:subfield><marc:subfield code="l">DCFG</marc:subfield></marc:datafield></marc:record>