
<marc:record><marc:leader>03564cam a2200481 a 4500</marc:leader>
<marc:controlfield tag="001">89781</marc:controlfield>
<marc:controlfield tag="005">20120821163024.0</marc:controlfield><marc:controlfield tag="008">940502s1492    gw a          000 0 lat d</marc:controlfield><marc:datafield tag="035" ind1=" " ind2=" "><marc:subfield code="9">DCFG94-B2092</marc:subfield></marc:datafield><marc:datafield tag="040" ind1=" " ind2=" "><marc:subfield code="a">DFo</marc:subfield><marc:subfield code="c">DFo</marc:subfield><marc:subfield code="e">dcrb</marc:subfield><marc:subfield code="d">UtOrBLW</marc:subfield></marc:datafield><marc:datafield tag="090" ind1=" " ind2=" "><marc:subfield code="b">INC B551</marc:subfield><marc:subfield code="n">:SL Roman numerals in white chalk at foot of leaves (G5r, (X4r, (2C8r, (2K2r, (2R1r, (2Z1r.</marc:subfield><marc:subfield code="f">cs1691</marc:subfield><marc:subfield code="t">6̃30</marc:subfield><marc:subfield code="t">6̃90-2</marc:subfield><marc:subfield code="t">7̃55</marc:subfield><marc:subfield code="i">06/07/94 N</marc:subfield><marc:subfield code="h">05/17/94 C</marc:subfield></marc:datafield><marc:datafield tag="240" ind1="1" ind2="0"><marc:subfield code="a">Biblia latina cum postillis Nicolai de Lyra.</marc:subfield><marc:subfield code="n">Pars I</marc:subfield></marc:datafield><marc:datafield tag="245" ind1="1" ind2="0"><marc:subfield code="a">Prima pars venerabilis fratris Nicolai de Lyra ordinis Seraphici Francisci (in Testamentu[m] Vetus) tracta[n]s super toto corpore Biblie, cum suis additionibus, deq[ue] replicis, et figuris sculptis.</marc:subfield></marc:datafield><marc:datafield tag="260" ind1=" " ind2=" "><marc:subfield code="a">[Strasbourg :</marc:subfield><marc:subfield code="b">Johann Grüninger,</marc:subfield><marc:subfield code="c">1492]</marc:subfield></marc:datafield><marc:datafield tag="300" ind1=" " ind2=" "><marc:subfield code="a">[936] p. :</marc:subfield><marc:subfield code="b">ill. (woodcuts) ;</marc:subfield><marc:subfield code="c">33 cm. (fol.)</marc:subfield></marc:datafield><marc:datafield tag="500" ind1=" " ind2=" "><marc:subfield code="a">The whole work includes 4 pts., the last one dated 1492. Cf. Goff and BM 15th cent. for imprint information .</marc:subfield></marc:datafield><marc:datafield tag="500" ind1=" " ind2=" "><marc:subfield code="a">Includes: Gulielmus Brito's Expositiones in omnes prologos S. Hieronymi, Pablo de Santa Maria's Additiones, and Matthias Döring's Replicae.</marc:subfield></marc:datafield><marc:datafield tag="500" ind1=" " ind2=" "><marc:subfield code="a">Signatures: (A¹⁰, (B¹², (C-(H¹⁰, (I-(K⁸, (L-(O¹⁰, (P⁶, (Q⁸, (R-(Z¹⁰, ([et]¹⁰, (2A-(2D¹⁰, (2E¹², (2F¹⁰, (2G⁸, (2H⁶, (2I-(2O¹⁰, (2P-(2Q⁶, (2R-(2V¹⁰, (2X¹², (2Y-(2Z¹⁰, (2[et]¹⁰, (2[con]⁶.</marc:subfield></marc:datafield><marc:datafield tag="500" ind1=" " ind2=" "><marc:subfield code="a">Printed in 2 columns.</marc:subfield></marc:datafield><marc:datafield tag="500" ind1=" " ind2=" "><marc:subfield code="a">Capital spaces with guide letters.</marc:subfield></marc:datafield><marc:datafield tag="510" ind1="4" ind2=" "><marc:subfield code="a">Goff</marc:subfield><marc:subfield code="c">B-617.</marc:subfield></marc:datafield><marc:datafield tag="510" ind1="4" ind2=" "><marc:subfield code="a">BM 15th cent.,</marc:subfield><marc:subfield code="c">I, p. 108.</marc:subfield></marc:datafield><marc:datafield tag="510" ind1="4" ind2=" "><marc:subfield code="a">GW</marc:subfield><marc:subfield code="c">4292.</marc:subfield></marc:datafield><marc:datafield tag="590" ind1=" " ind2=" "><marc:subfield code="a">Folger copy: some large initials in the first gathering and on leaf (2H3r have been provided in red and blue; smaller initials in text and commentary provided in alternate red and blue throughout the vol.; most of paragraph marks in red, a few in blue paint.</marc:subfield></marc:datafield><marc:datafield tag="590" ind1=" " ind2=" "><marc:subfield code="a">Manuscript notes, mostly in brown ink, a few in red ink; occasional slight corrections in text; text lost from perforation on leaf (O4 has been provided by hand.</marc:subfield></marc:datafield><marc:datafield tag="590" ind1=" " ind2=" "><marc:subfield code="a">Inscription on verso of last leaf has been defaced, illegible; bookstamp &quot;Iacobus Mertz&quot; on t.p. verso and recto of last leaf; purchased in 1927 from the Broadbent collection.</marc:subfield></marc:datafield><marc:datafield tag="590" ind1=" " ind2=" "><marc:subfield code="a">In a 15th century Erfurt pigskin binding, blind tooled with stag, heart, small and large rosette stamps. Cf. Schwenke-Schunke, Taf. 141, no. 61, Taf. 136 no. 86, Taf. 254, no. 109, Taf. 274, no. 666a;  2 clasps (one has remains only); manuscript fragments used as guards at front and back, and others as spine reinforcements; paper spine labels, the larger one, at top of spine, reading &quot;Nicolai de Lyra I&quot;; dried flowers between leaves (I5 and (I6; in a tailored box.</marc:subfield></marc:datafield><marc:datafield tag="630" ind1="0" ind2="0"><marc:subfield code="a">Bible.</marc:subfield><marc:subfield code="p">O.T.</marc:subfield><marc:subfield code="v">Commentaries.</marc:subfield></marc:datafield><marc:datafield tag="655" ind1=" " ind2="7"><marc:subfield code="a">Annotations (Provenance)</marc:subfield><marc:subfield code="2">rbprov</marc:subfield></marc:datafield><marc:datafield tag="655" ind1=" " ind2="7"><marc:subfield code="a">Illustrated works</marc:subfield><marc:subfield code="y">15th and 16th centuries.</marc:subfield><marc:subfield code="2">rbgenr</marc:subfield></marc:datafield><marc:datafield tag="655" ind1=" " ind2="7"><marc:subfield code="a">Pigskin bindings (Binding)</marc:subfield><marc:subfield code="z">Germany</marc:subfield><marc:subfield code="z">Erfurt</marc:subfield><marc:subfield code="z">15th century.</marc:subfield><marc:subfield code="2">rbbin</marc:subfield></marc:datafield><marc:datafield tag="655" ind1=" " ind2="7"><marc:subfield code="a">Manuscript waste (Binding)</marc:subfield><marc:subfield code="2">rbbin</marc:subfield></marc:datafield><marc:datafield tag="730" ind1="0" ind2="2"><marc:subfield code="a">Bible.</marc:subfield><marc:subfield code="l">Latin.</marc:subfield><marc:subfield code="s">Vulgate.</marc:subfield><marc:subfield code="f">1492.</marc:subfield></marc:datafield><marc:datafield tag="700" ind1="0" ind2=" "><marc:subfield code="a">Pablo de Santa Maria,</marc:subfield><marc:subfield code="c">Bishop of Burgos,</marc:subfield><marc:subfield code="d">ca. 1351-1435.</marc:subfield></marc:datafield><marc:datafield tag="700" ind1="1" ind2=" "><marc:subfield code="a">Döring, Mathias,</marc:subfield><marc:subfield code="d">ca. 1400-1469.</marc:subfield></marc:datafield><marc:datafield tag="700" ind1="1" ind2=" "><marc:subfield code="a">Mertz, Jacobus,</marc:subfield><marc:subfield code="e">former owner.</marc:subfield></marc:datafield><marc:datafield tag="700" ind1="1" ind2=" "><marc:subfield code="a">Grüninger, Johann,</marc:subfield><marc:subfield code="d">d. 1532?,</marc:subfield><marc:subfield code="e">printer.</marc:subfield></marc:datafield><marc:datafield tag="752" ind1="1" ind2="0"><marc:subfield code="d">Strasbourg.</marc:subfield></marc:datafield><marc:datafield tag="100" ind1="0" ind2=" "><marc:subfield code="a">Nicholas,</marc:subfield><marc:subfield code="c">of Lyra,</marc:subfield><marc:subfield code="d">ca. 1270-1349.</marc:subfield></marc:datafield><marc:datafield tag="700" ind1="0" ind2=" "><marc:subfield code="a">Gulielmus,</marc:subfield><marc:subfield code="c">Brito,</marc:subfield><marc:subfield code="d">d. 1536.</marc:subfield></marc:datafield><marc:datafield tag="856" ind1="4" ind2="1"><marc:subfield code="u">http://luna.folger.edu/luna/servlet/s/hx7p07</marc:subfield><marc:subfield code="z">Binding images and description for Folger Shakespeare Library INC B551</marc:subfield></marc:datafield><marc:datafield tag="950" ind1=" " ind2=" "><marc:subfield code="l">RARE</marc:subfield><marc:subfield code="h">05/17/94 C</marc:subfield></marc:datafield><marc:datafield tag="998" ind1=" " ind2=" "><marc:subfield code="a">06/07/94</marc:subfield><marc:subfield code="t">c</marc:subfield><marc:subfield code="s">9114</marc:subfield><marc:subfield code="n">DFo</marc:subfield><marc:subfield code="w">DCFG94B2092</marc:subfield><marc:subfield code="d">05/02/94</marc:subfield><marc:subfield code="c">ML</marc:subfield><marc:subfield code="b">MT</marc:subfield><marc:subfield code="l">DCFG</marc:subfield></marc:datafield></marc:record>