
<marc:record><marc:leader>02858cam a2200409 a 4500</marc:leader>
<marc:controlfield tag="001">90009</marc:controlfield>
<marc:controlfield tag="005">20120822100900.0</marc:controlfield><marc:controlfield tag="008">940927s1479    fr            000 0 lat d</marc:controlfield><marc:datafield tag="035" ind1=" " ind2=" "><marc:subfield code="9">DCFG94-B3067</marc:subfield></marc:datafield><marc:datafield tag="040" ind1=" " ind2=" "><marc:subfield code="a">DFo</marc:subfield><marc:subfield code="c">DFo</marc:subfield><marc:subfield code="e">dcrb</marc:subfield></marc:datafield><marc:datafield tag="090" ind1=" " ind2=" "><marc:subfield code="b">INC D344</marc:subfield><marc:subfield code="t">7̃96-3</marc:subfield><marc:subfield code="i">08/17/95 N</marc:subfield><marc:subfield code="h">11/14/94 X</marc:subfield><marc:subfield code="h">09/29/94 C</marc:subfield></marc:datafield><marc:datafield tag="100" ind1="1" ind2=" "><marc:subfield code="a">Durand, Guillaume,</marc:subfield><marc:subfield code="d">ca. 1230-1296.</marc:subfield></marc:datafield><marc:datafield tag="240" ind1="1" ind2="0"><marc:subfield code="a">Rationale divinorum officiorum</marc:subfield></marc:datafield><marc:datafield tag="245" ind1="1" ind2="0"><marc:subfield code="a">Incipit Rationale diuinorum officiorum Guilhelmi Minatensis Ecclesie Episcopi.</marc:subfield></marc:datafield><marc:datafield tag="260" ind1=" " ind2=" "><marc:subfield code="a">[Strasbourg :</marc:subfield><marc:subfield code="b">Georg Husner,</marc:subfield><marc:subfield code="c">ca. 1479]</marc:subfield></marc:datafield><marc:datafield tag="300" ind1=" " ind2=" "><marc:subfield code="a">[3], CCCLXXXV leaves ;</marc:subfield><marc:subfield code="c">30 cm. (fol.)</marc:subfield></marc:datafield><marc:datafield tag="500" ind1=" " ind2=" "><marc:subfield code="a">Title from incipit (fo. Ir).</marc:subfield></marc:datafield><marc:datafield tag="500" ind1=" " ind2=" "><marc:subfield code="a">Imprint from Goff.</marc:subfield></marc:datafield><marc:datafield tag="500" ind1=" " ind2=" "><marc:subfield code="a">Signatures: [a]¹⁰, [b-f]⁸, [g]¹⁰, [h-i]⁸, [k]⁶, [l]⁸, [m]¹⁰, [n]⁸, [o]⁶, [p]⁸, [q]¹⁰, [r]⁸, [s]⁶, [t]⁸, [v]¹⁰, [x]⁸, [y]⁶, [z]⁸, [A]¹⁰, [B]⁸, [C]⁶, [D]⁸, [E]¹⁰, [F]⁸, [G]⁶, [H]⁸, [I]¹⁰, [K]⁸, [L]⁶, [M]⁸, [N]¹⁰, [O-P]⁸, [Q]¹⁰, [R]⁸, [S]¹⁰, [T]⁸, [V]¹⁰, [X-Z]⁸, [2a]¹⁰.</marc:subfield></marc:datafield><marc:datafield tag="500" ind1=" " ind2=" "><marc:subfield code="a">Capital spaces.</marc:subfield></marc:datafield><marc:datafield tag="500" ind1=" " ind2=" "><marc:subfield code="a">Leaf LVII appears to be a cancel.</marc:subfield></marc:datafield><marc:datafield tag="510" ind1="4" ind2=" "><marc:subfield code="a">Goff</marc:subfield><marc:subfield code="c">D-420.</marc:subfield></marc:datafield><marc:datafield tag="510" ind1="4" ind2=" "><marc:subfield code="a">GW</marc:subfield><marc:subfield code="c">9117.</marc:subfield></marc:datafield><marc:datafield tag="510" ind1="4" ind2=" "><marc:subfield code="a">Hain</marc:subfield><marc:subfield code="c">6466*.</marc:subfield></marc:datafield><marc:datafield tag="590" ind1=" " ind2=" "><marc:subfield code="a">Folger copy: large initials at beginning of each book in red and blue paint; smaller initials in alternate red and blue; some paragraph marks in red paint, and capital strokes in yellow throughout the book.</marc:subfield></marc:datafield><marc:datafield tag="590" ind1=" " ind2=" "><marc:subfield code="a">Some scarce manuscript notes; catchwords at end of gatherings with numbering of gatherings added by hand in brown ink.</marc:subfield></marc:datafield><marc:datafield tag="590" ind1=" " ind2=" "><marc:subfield code="a">Ownership inscription at end of text: Liber Iste qui Rationale diuino[rum] nuncupatur pertinet &lt;michi&gt; ad me Nicolao Iacoletj de amancia p[res]b[yte]ro Curato d[e] magnaco p[ro]pe Iusseyum bis[unti] dioc[ese] [...] die nona mens[is] octobris Anno D[o]m[ini] Millemo. quadringentesimo octuagesimo quinto&quot;, followed by floral device with initials N.I.P., and signature &quot;N. Iacoletj&quot;; the same device in brown ink appears in other pts. of the book; large bookplate(?) partially defaced of François-Augustin Marquis, with date 1760, covering his ownership inscription &quot;Francisc[us] augustin. Marquis senator bisunt.&quot; (revealed through ethanol treatment); bookplate of W.T. Smedley; purchased in 1924.</marc:subfield></marc:datafield><marc:datafield tag="590" ind1=" " ind2=" "><marc:subfield code="a">Repaired.</marc:subfield></marc:datafield><marc:datafield tag="610" ind1="2" ind2="0"><marc:subfield code="a">Catholic Church</marc:subfield><marc:subfield code="x">Liturgy.</marc:subfield></marc:datafield><marc:datafield tag="700" ind1="1" ind2=" "><marc:subfield code="a">Jacoletus, Nicolaus,</marc:subfield><marc:subfield code="d">fl. 1485,</marc:subfield><marc:subfield code="e">former owner.</marc:subfield></marc:datafield><marc:datafield tag="700" ind1="1" ind2=" "><marc:subfield code="a">Marquis, François-Augustin,</marc:subfield><marc:subfield code="d">fl. 1760,</marc:subfield><marc:subfield code="e">former owner.</marc:subfield></marc:datafield><marc:datafield tag="700" ind1="1" ind2=" "><marc:subfield code="a">Smedley, William T.</marc:subfield><marc:subfield code="q">(William Thomas),</marc:subfield><marc:subfield code="d">b. 1851,</marc:subfield><marc:subfield code="e">former owner.</marc:subfield></marc:datafield><marc:datafield tag="700" ind1="1" ind2=" "><marc:subfield code="a">Husner, Georg,</marc:subfield><marc:subfield code="d">d. 1505,</marc:subfield><marc:subfield code="e">printer.</marc:subfield></marc:datafield><marc:datafield tag="752" ind1="1" ind2="0"><marc:subfield code="d">Strasbourg.</marc:subfield></marc:datafield><marc:datafield tag="856" ind1="4" ind2="1"><marc:subfield code="u">http://luna.folger.edu/luna/servlet/s/ia1m2l</marc:subfield><marc:subfield code="z">Binding images and description for Folger Shakespeare Library INC D344</marc:subfield></marc:datafield><marc:datafield tag="950" ind1=" " ind2=" "><marc:subfield code="l">RARE</marc:subfield><marc:subfield code="h">09/29/94 C</marc:subfield></marc:datafield><marc:datafield tag="998" ind1=" " ind2=" "><marc:subfield code="a">08/17/95</marc:subfield><marc:subfield code="t">c</marc:subfield><marc:subfield code="s">9114</marc:subfield><marc:subfield code="n">DFo</marc:subfield><marc:subfield code="w">DCFG94B3067</marc:subfield><marc:subfield code="d">09/27/94</marc:subfield><marc:subfield code="c">ML</marc:subfield><marc:subfield code="b">HFR</marc:subfield><marc:subfield code="l">DCFG</marc:subfield></marc:datafield></marc:record>