
<marc:record><marc:leader>01839cam a2200409 a 4500</marc:leader>
<marc:controlfield tag="001">92639</marc:controlfield>
<marc:controlfield tag="005">20110119170202.0</marc:controlfield><marc:controlfield tag="008">940928s1491    fr            001 0 lat d</marc:controlfield><marc:datafield tag="035" ind1=" " ind2=" "><marc:subfield code="a">(CStRLIN)DCFG94-B3090</marc:subfield></marc:datafield><marc:datafield tag="035" ind1=" " ind2=" "><marc:subfield code="a">92639</marc:subfield></marc:datafield><marc:datafield tag="040" ind1=" " ind2=" "><marc:subfield code="a">DFo</marc:subfield><marc:subfield code="c">DFo</marc:subfield><marc:subfield code="e">dcrb</marc:subfield><marc:subfield code="d">UtOrBLW</marc:subfield></marc:datafield><marc:datafield tag="041" ind1="1" ind2=" "><marc:subfield code="a">latger</marc:subfield></marc:datafield><marc:datafield tag="090" ind1=" " ind2=" "><marc:subfield code="b">\INC\E5</marc:subfield><marc:subfield code="f">171512</marc:subfield><marc:subfield code="t">~650</marc:subfield><marc:subfield code="i">09/03/96 N</marc:subfield><marc:subfield code="h">10/14/94 C</marc:subfield></marc:datafield><marc:datafield tag="100" ind1="1" ind2=" "><marc:subfield code="a">Ebrardi, Udalricus,</marc:subfield><marc:subfield code="d">d. 1487.</marc:subfield></marc:datafield><marc:datafield tag="245" ind1="1" ind2="0"><marc:subfield code="a">Modus latinitatis.</marc:subfield></marc:datafield><marc:datafield tag="260" ind1=" " ind2=" "><marc:subfield code="a">[Strasbourg :</marc:subfield><marc:subfield code="b">Johann Prüss,</marc:subfield><marc:subfield code="c">1491]</marc:subfield></marc:datafield><marc:datafield tag="300" ind1=" " ind2=" "><marc:subfield code="a">[2], LI [i.e. 50] leaves ;</marc:subfield><marc:subfield code="c">21 cm. (4to)</marc:subfield></marc:datafield><marc:datafield tag="500" ind1=" " ind2=" "><marc:subfield code="a">Caption title at head of table on t.p. verso reads: Grãmatice noue synonima latina. vulgari locutõni ... edite: p[er] ... Vdalricũ Ebrardi ... Anno incarnatõis  dñi. M.cccc.xci.</marc:subfield></marc:datafield><marc:datafield tag="500" ind1=" " ind2=" "><marc:subfield code="a">German phrases with Latin translations, and explanations.</marc:subfield></marc:datafield><marc:datafield tag="500" ind1=" " ind2=" "><marc:subfield code="a">Imprint from Goff.</marc:subfield></marc:datafield><marc:datafield tag="500" ind1=" " ind2=" "><marc:subfield code="a">Signatures: A-G⁶, H⁴, I⁶ (F2 unsigned).</marc:subfield></marc:datafield><marc:datafield tag="500" ind1=" " ind2=" "><marc:subfield code="a">Number 29 skipped in numbering of leaves.</marc:subfield></marc:datafield><marc:datafield tag="510" ind1="4" ind2=" "><marc:subfield code="a">Goff</marc:subfield><marc:subfield code="c">E-7.</marc:subfield></marc:datafield><marc:datafield tag="510" ind1="4" ind2=" "><marc:subfield code="a">GW</marc:subfield><marc:subfield code="c">9199.</marc:subfield></marc:datafield><marc:datafield tag="510" ind1="4" ind2=" "><marc:subfield code="a">Hain-Copinger</marc:subfield><marc:subfield code="c">6537*.</marc:subfield></marc:datafield><marc:datafield tag="500" ind1=" " ind2=" "><marc:subfield code="a">Includes index.</marc:subfield></marc:datafield><marc:datafield tag="590" ind1=" " ind2=" "><marc:subfield code="a">Musical manuscript notes with line starting &quot;maria vi[r]go roga ...&quot; in brown ink and a note in red ink on t.p.; other sets of early annotations on verso of last leaf and a saying dated 1785; a few notes in text and a large initial on leaf A3r sketched in brown ink.</marc:subfield></marc:datafield><marc:datafield tag="590" ind1=" " ind2=" "><marc:subfield code="a">Repaired.</marc:subfield></marc:datafield><marc:datafield tag="590" ind1=" " ind2=" "><marc:subfield code="a">Purchased in 1959.</marc:subfield></marc:datafield><marc:datafield tag="650" ind1=" " ind2="0"><marc:subfield code="a">German language</marc:subfield><marc:subfield code="v">Conversation and phrase books</marc:subfield><marc:subfield code="x">Latin.</marc:subfield></marc:datafield><marc:datafield tag="650" ind1=" " ind2="0"><marc:subfield code="a">Latin language</marc:subfield><marc:subfield code="v">Conversation and phrase books</marc:subfield><marc:subfield code="x">German.</marc:subfield></marc:datafield><marc:datafield tag="655" ind1=" " ind2="7"><marc:subfield code="a">Annotations (Provenance).</marc:subfield><marc:subfield code="2">rbprov</marc:subfield></marc:datafield><marc:datafield tag="655" ind1=" " ind2="7"><marc:subfield code="a">Musical annotations.</marc:subfield><marc:subfield code="2">local</marc:subfield></marc:datafield><marc:datafield tag="700" ind1="1" ind2=" "><marc:subfield code="a">Prüss, Johann,</marc:subfield><marc:subfield code="d">1447-1510,</marc:subfield><marc:subfield code="e">printer.</marc:subfield></marc:datafield><marc:datafield tag="752" ind1=" " ind2=" "><marc:subfield code="a">France</marc:subfield><marc:subfield code="d">Strasbourg.</marc:subfield></marc:datafield><marc:datafield tag="998" ind1=" " ind2=" "><marc:subfield code="a">09/03/96</marc:subfield><marc:subfield code="t">c</marc:subfield><marc:subfield code="s">9114</marc:subfield><marc:subfield code="l">DCFG</marc:subfield><marc:subfield code="n">DFo</marc:subfield><marc:subfield code="w">DCFG94B3090</marc:subfield><marc:subfield code="d">09/28/94</marc:subfield><marc:subfield code="c">ML</marc:subfield><marc:subfield code="b">KK</marc:subfield></marc:datafield><marc:datafield tag="950" ind1=" " ind2=" "><marc:subfield code="l">RARE</marc:subfield><marc:subfield code="h">10/14/94 C</marc:subfield></marc:datafield></marc:record>