
<marc:record><marc:leader>03372cam a2200457 a 4500</marc:leader>
<marc:controlfield tag="001">90198</marc:controlfield>
<marc:controlfield tag="005">20120822112644.0</marc:controlfield><marc:controlfield tag="008">950118s1485    fr            001 0 lat d</marc:controlfield><marc:datafield tag="035" ind1=" " ind2=" "><marc:subfield code="9">DCFG95-B210</marc:subfield></marc:datafield><marc:datafield tag="040" ind1=" " ind2=" "><marc:subfield code="a">DFo</marc:subfield><marc:subfield code="c">DFo</marc:subfield><marc:subfield code="e">dcrb</marc:subfield><marc:subfield code="d">UtOrBLW</marc:subfield></marc:datafield><marc:datafield tag="090" ind1=" " ind2=" "><marc:subfield code="b">INC H190</marc:subfield><marc:subfield code="f">cs744</marc:subfield><marc:subfield code="t">6̃55</marc:subfield><marc:subfield code="t">7̃00</marc:subfield><marc:subfield code="t">7̃40</marc:subfield><marc:subfield code="t">7̃97-2</marc:subfield><marc:subfield code="t">7̃99</marc:subfield><marc:subfield code="i">11/07/95 N</marc:subfield><marc:subfield code="h">10/27/95 N</marc:subfield><marc:subfield code="h">03/09/95 N</marc:subfield><marc:subfield code="h">01/30/95 C</marc:subfield></marc:datafield><marc:datafield tag="130" ind1="0" ind2=" "><marc:subfield code="a">Vitae patrum.</marc:subfield></marc:datafield><marc:datafield tag="245" ind1="1" ind2="0"><marc:subfield code="a">In antiquo[rum] patrum vitas a beato Hieronimo conscriptas registru[m] alphabetico ordine dilige[n]ter collectum incipit.</marc:subfield></marc:datafield><marc:datafield tag="260" ind1=" " ind2=" "><marc:subfield code="a">[Strasbourg :</marc:subfield><marc:subfield code="b">Printer of the 1483 Vitas patrum],</marc:subfield><marc:subfield code="c">anno D[omi]ni 1485 Nonas v[er]o Iulij [7 July] ...</marc:subfield></marc:datafield><marc:datafield tag="300" ind1=" " ind2=" "><marc:subfield code="a">[10], CCXXIX, [1] leaves ;</marc:subfield><marc:subfield code="c">32 cm. (fol.)</marc:subfield></marc:datafield><marc:datafield tag="500" ind1=" " ind2=" "><marc:subfield code="a">Title from incipit of table (leaf a2r).</marc:subfield></marc:datafield><marc:datafield tag="500" ind1=" " ind2=" "><marc:subfield code="a">A reprint of the ed. of 1483 by the same printer, with a larger type page, reducing the number of leaves by 20.</marc:subfield></marc:datafield><marc:datafield tag="500" ind1=" " ind2=" "><marc:subfield code="a">Date of publication from colophon (leaf G7v); place and publisher statement from Goff.</marc:subfield></marc:datafield><marc:datafield tag="500" ind1=" " ind2=" "><marc:subfield code="a">Signatures: a¹⁰, b-z⁸, A-D⁸, E⁶, F-G⁸.</marc:subfield></marc:datafield><marc:datafield tag="500" ind1=" " ind2=" "><marc:subfield code="a">Printed in 2 columns.</marc:subfield></marc:datafield><marc:datafield tag="500" ind1=" " ind2=" "><marc:subfield code="a">The first and last leaves are blank.</marc:subfield></marc:datafield><marc:datafield tag="500" ind1=" " ind2=" "><marc:subfield code="a">Capital spaces, mostly with guide letters.</marc:subfield></marc:datafield><marc:datafield tag="510" ind1="4" ind2=" "><marc:subfield code="a">Goff</marc:subfield><marc:subfield code="c">H-207.</marc:subfield></marc:datafield><marc:datafield tag="510" ind1="4" ind2=" "><marc:subfield code="a">BM 15th cent.,</marc:subfield><marc:subfield code="c">I, p. 98 (IB.1311).</marc:subfield></marc:datafield><marc:datafield tag="510" ind1="4" ind2=" "><marc:subfield code="a">Hain-Copinger,</marc:subfield><marc:subfield code="c">8600*.</marc:subfield></marc:datafield><marc:datafield tag="590" ind1=" " ind2=" "><marc:subfield code="a">Folger copy lacks leaves k2 and k3.</marc:subfield></marc:datafield><marc:datafield tag="590" ind1=" " ind2=" "><marc:subfield code="a">Initials decorated in colors on leaves b1r (9 lines) and r5r (7 lines); other main initials in blue paint with red penwork infill; smaller initials and paragraph marks provided in red throughout the book with underlining of titles.</marc:subfield></marc:datafield><marc:datafield tag="590" ind1=" " ind2=" "><marc:subfield code="a">A few manuscript notes in brown ink, and numerous &quot;Nota&quot; and trefoil markings.</marc:subfield></marc:datafield><marc:datafield tag="590" ind1=" " ind2=" "><marc:subfield code="a">Ownership inscriptions on first leaf &quot;liber mei Iohẽs Haeke de Ruẽmũd.&quot;, and &quot;Iste lib[er] p[er]tin[et] [con]ue[n]tui frm̃ s[anc]t[a]e cr[ucis] i[n] Rur[em]unda ad s[anc]tum̃ Corneliu[m] ex pia dona[tione] vidu[alis?] Dni. io. Haeck artiu[m] libraliu[m] mgri. medicinarũq[ue] licenciati exp[er]tissi ...&quot;; lower pt. of 1st leaf (bearing provenance?) has been cut off and replaced; another inscription on leaf a2r &quot;Cruciferorum Ruremũd[ae]&quot;; bookplate of Francis Hopkinson and his notes on front endpaper locating the printing in Basel; also a bookplate with motto &quot;Arise. Pray. Work&quot;; purchased in 1917.</marc:subfield></marc:datafield><marc:datafield tag="590" ind1=" " ind2=" "><marc:subfield code="a">Contemporary calf binding on wooden boards, blind tooled with stamps designated in Schwenke-Schunke as &quot;Hildesheim Christuskopf&quot; (Lamm 42, Pelikan 16, Hirsch 68, Hahn 23/4, Hertz 110, and Schrift 121); evidence of 5 bosses and 2 clasps catching on front cover; evidence of a few finding tabs; previously rebacked and mended several times; repaired; in a tailored box.</marc:subfield></marc:datafield><marc:datafield tag="655" ind1=" " ind2="7"><marc:subfield code="a">Illuminations.</marc:subfield><marc:subfield code="2">gmgpc</marc:subfield></marc:datafield><marc:datafield tag="655" ind1=" " ind2="7"><marc:subfield code="a">Calf bindings (Binding)</marc:subfield><marc:subfield code="z">Germany</marc:subfield><marc:subfield code="y">15th century.</marc:subfield><marc:subfield code="2">rbbin</marc:subfield></marc:datafield><marc:datafield tag="740" ind1="0" ind2=" "><marc:subfield code="a">Vitae sanctorum patrum, sive Vitas patrum.</marc:subfield></marc:datafield><marc:datafield tag="700" ind1="1" ind2=" "><marc:subfield code="a">Haeke, Johannes,</marc:subfield><marc:subfield code="e">former owner.</marc:subfield></marc:datafield><marc:datafield tag="710" ind1="1" ind2=" "><marc:subfield code="a">Roermond (Netherlands).</marc:subfield><marc:subfield code="b">Crutched Friars,</marc:subfield><marc:subfield code="e">former owner.</marc:subfield></marc:datafield><marc:datafield tag="700" ind1="1" ind2=" "><marc:subfield code="a">Hopkinson, Francis,</marc:subfield><marc:subfield code="d">1810-1898,</marc:subfield><marc:subfield code="e">former owner.</marc:subfield></marc:datafield><marc:datafield tag="752" ind1="1" ind2="0"><marc:subfield code="d">Strasbourg.</marc:subfield></marc:datafield><marc:datafield tag="700" ind1="0" ind2=" "><marc:subfield code="a">Jerome,</marc:subfield><marc:subfield code="c">Saint,</marc:subfield><marc:subfield code="d">d. 419 or 20.</marc:subfield></marc:datafield><marc:datafield tag="856" ind1="4" ind2="1"><marc:subfield code="u">http://luna.folger.edu/luna/servlet/s/823vy2</marc:subfield><marc:subfield code="z">Binding images and description for Folger Shakespeare Library INC H190 copy 2</marc:subfield></marc:datafield><marc:datafield tag="950" ind1=" " ind2=" "><marc:subfield code="l">RARE</marc:subfield><marc:subfield code="e">copy 2</marc:subfield><marc:subfield code="h">01/30/95 C</marc:subfield></marc:datafield><marc:datafield tag="998" ind1=" " ind2=" "><marc:subfield code="a">11/07/95</marc:subfield><marc:subfield code="t">c</marc:subfield><marc:subfield code="s">9114</marc:subfield><marc:subfield code="n">DFo</marc:subfield><marc:subfield code="w">DCFG95B210</marc:subfield><marc:subfield code="d">01/18/95</marc:subfield><marc:subfield code="c">ML</marc:subfield><marc:subfield code="b">MT</marc:subfield><marc:subfield code="l">DCFG</marc:subfield></marc:datafield></marc:record>