
<marc:record><marc:leader>03235cam a2200397 a 4500</marc:leader>
<marc:controlfield tag="001">90224</marc:controlfield>
<marc:controlfield tag="005">20110119170022.0</marc:controlfield><marc:controlfield tag="008">950213s1484    fr            000 0 lat d</marc:controlfield><marc:datafield tag="035" ind1=" " ind2=" "><marc:subfield code="9">DCFG95-B486</marc:subfield></marc:datafield><marc:datafield tag="040" ind1=" " ind2=" "><marc:subfield code="a">DFo</marc:subfield><marc:subfield code="c">DFo</marc:subfield><marc:subfield code="e">dcrb</marc:subfield><marc:subfield code="d">UtOrBLW</marc:subfield></marc:datafield><marc:datafield tag="090" ind1=" " ind2=" "><marc:subfield code="b">INC J167</marc:subfield><marc:subfield code="f">cs744</marc:subfield><marc:subfield code="t">6̃50</marc:subfield><marc:subfield code="t">7̃55</marc:subfield><marc:subfield code="i">02/23/95 C</marc:subfield></marc:datafield><marc:datafield tag="245" ind1="1" ind2="0"><marc:subfield code="a">Sermones de sanctis Iacobi de Voragine.</marc:subfield></marc:datafield><marc:datafield tag="260" ind1=" " ind2=" "><marc:subfield code="a">[Strasbourg :</marc:subfield><marc:subfield code="b">Johann Grüninger],</marc:subfield><marc:subfield code="c">anno Domini 1484 xix. Kal[endas] Augusti [14 July] ...</marc:subfield></marc:datafield><marc:datafield tag="300" ind1=" " ind2=" "><marc:subfield code="a">[504] p. (the last [2] p. blank) ;</marc:subfield><marc:subfield code="c">30 cm. (fol.)</marc:subfield></marc:datafield><marc:datafield tag="500" ind1=" " ind2=" "><marc:subfield code="a">Date of publication from colophon (leaf M7r); place of publication and publisher statement from Goff.</marc:subfield></marc:datafield><marc:datafield tag="500" ind1=" " ind2=" "><marc:subfield code="a">Signatures: a-k⁸, l-m⁶, n-q⁸, r-s⁶, t-v⁸, x-z⁶, A-C⁶, D-E⁸, F-G⁶, H-I⁸, K-L⁶, M⁸.</marc:subfield></marc:datafield><marc:datafield tag="500" ind1=" " ind2=" "><marc:subfield code="a">Printed in 2 columns.</marc:subfield></marc:datafield><marc:datafield tag="500" ind1=" " ind2=" "><marc:subfield code="a">Capital spaces.</marc:subfield></marc:datafield><marc:datafield tag="510" ind1="4" ind2=" "><marc:subfield code="a">Goff</marc:subfield><marc:subfield code="c">J-189.</marc:subfield></marc:datafield><marc:datafield tag="510" ind1="4" ind2=" "><marc:subfield code="a">BM 15th cent.,</marc:subfield><marc:subfield code="c">I, p. 103 (IB.1368).</marc:subfield></marc:datafield><marc:datafield tag="510" ind1="4" ind2=" "><marc:subfield code="a">Polain</marc:subfield><marc:subfield code="c">2232.</marc:subfield></marc:datafield><marc:datafield tag="590" ind1=" " ind2=" "><marc:subfield code="a">Folger copy: last leaf, blank, lacking; several leaves damaged, affecting text, in gatherings e and f (repaired and text provided by hand).</marc:subfield></marc:datafield><marc:datafield tag="590" ind1=" " ind2=" "><marc:subfield code="a">Large initial on leaf a2r painted in red and blue; other initials in red and a few in blue throughout the book; some red initials have been retouched with paint in a darker shade of red.</marc:subfield></marc:datafield><marc:datafield tag="590" ind1=" " ind2=" "><marc:subfield code="a">Numerous early finding notes in brown and red inks with additions of corrections and of punctuation in some of the sermons; a few of the corrections use a cross as a signe-de-renvoi; also numerous &quot;nota&quot; and other markings; numbers included in the text of some of the sermons are rubricated and repeated in the margins in red ink; damaged leaves in gatherings e and f have been repaired and lacking text added by hand in same handwriting and same ink as the notes and corrections; a longer note on leaf z2r with quotes (in a different hand); guide letters have been added by hand in capital spaces; manuscript numbering on leaves a2-M7, reading 1-250, is referred to in table of sermons on leaf a1v; markings in black pencil in a few gatherings; manuscript note about the author added to the title on t.p.</marc:subfield></marc:datafield><marc:datafield tag="590" ind1=" " ind2=" "><marc:subfield code="a">Inscription on t.p. &quot;pp. Celestinoru[m] p[ro]pe Medunta&quot; repeated with variant on leaf a2r inside of rubricated initial; another note below colophon reading: &quot;Celestino[rum] de medũta. Sic sign[a]tus 346&quot;; a pencilled note on front free endpaper starting &quot;I.A. Feby 17th 1839&quot; relates the finding of the book in London and explains the destruction of the original binding by dampness.</marc:subfield></marc:datafield><marc:datafield tag="590" ind1=" " ind2=" "><marc:subfield code="a">Nineteenth century vellum binding; early repairs of leaves include (contemporary?) manuscript fragments in Latin, one of them on leaf f6 bearing name &quot;F. Iacób[us] auparo[n]des[?]&quot;; also a few fragments bearing printed signatures; repaired.</marc:subfield></marc:datafield><marc:datafield tag="650" ind1=" " ind2="0"><marc:subfield code="a">Saints</marc:subfield><marc:subfield code="v">Sermons.</marc:subfield></marc:datafield><marc:datafield tag="655" ind1=" " ind2="7"><marc:subfield code="a">Annotations (Provenance)</marc:subfield><marc:subfield code="2">rbprov</marc:subfield></marc:datafield><marc:datafield tag="655" ind1=" " ind2="7"><marc:subfield code="a">Manuscript waste (Binding)</marc:subfield><marc:subfield code="2">rbbin</marc:subfield></marc:datafield><marc:datafield tag="655" ind1=" " ind2="7"><marc:subfield code="a">Printed waste (Binding)</marc:subfield><marc:subfield code="2">rbbin</marc:subfield></marc:datafield><marc:datafield tag="710" ind1="2" ind2=" "><marc:subfield code="a">Limay (France).</marc:subfield><marc:subfield code="b">Celestines,</marc:subfield><marc:subfield code="e">former owner.</marc:subfield></marc:datafield><marc:datafield tag="700" ind1="1" ind2=" "><marc:subfield code="a">Grüninger, Johann,</marc:subfield><marc:subfield code="d">d. 1532?,</marc:subfield><marc:subfield code="e">printer.</marc:subfield></marc:datafield><marc:datafield tag="752" ind1="1" ind2="0"><marc:subfield code="d">Strasbourg.</marc:subfield></marc:datafield><marc:datafield tag="100" ind1="0" ind2=" "><marc:subfield code="a">Jacobus,</marc:subfield><marc:subfield code="c">de Voragine,</marc:subfield><marc:subfield code="d">ca. 1229-1298.</marc:subfield></marc:datafield><marc:datafield tag="950" ind1=" " ind2=" "><marc:subfield code="l">RARE</marc:subfield><marc:subfield code="i">02/23/95 C</marc:subfield></marc:datafield><marc:datafield tag="998" ind1=" " ind2=" "><marc:subfield code="a">02/23/95</marc:subfield><marc:subfield code="t">c</marc:subfield><marc:subfield code="s">9114</marc:subfield><marc:subfield code="n">DFo</marc:subfield><marc:subfield code="w">DCFG95B486</marc:subfield><marc:subfield code="d">02/13/95</marc:subfield><marc:subfield code="c">ML</marc:subfield><marc:subfield code="b">MT</marc:subfield><marc:subfield code="l">DCFG</marc:subfield></marc:datafield></marc:record>