
<marc:record><marc:leader>03018cam a2200421 a 4500</marc:leader>
<marc:controlfield tag="001">90380</marc:controlfield>
<marc:controlfield tag="005">20120822121707.0</marc:controlfield><marc:controlfield tag="008">950920s1473    fr            000 0 lat d</marc:controlfield><marc:datafield tag="035" ind1=" " ind2=" "><marc:subfield code="9">DCFG95-B2090</marc:subfield></marc:datafield><marc:datafield tag="035" ind1=" " ind2=" "><marc:subfield code="a">90380</marc:subfield></marc:datafield><marc:datafield tag="040" ind1=" " ind2=" "><marc:subfield code="a">DFo</marc:subfield><marc:subfield code="c">DFo</marc:subfield><marc:subfield code="e">dcrb</marc:subfield><marc:subfield code="d">UtOrBLW</marc:subfield></marc:datafield><marc:datafield tag="090" ind1=" " ind2=" "><marc:subfield code="b">INC P416</marc:subfield><marc:subfield code="f">162485</marc:subfield><marc:subfield code="t">6̃30</marc:subfield><marc:subfield code="t">7̃55</marc:subfield><marc:subfield code="i">10/27/95 N</marc:subfield><marc:subfield code="h">10/18/95 N</marc:subfield><marc:subfield code="h">09/29/95 C</marc:subfield></marc:datafield><marc:datafield tag="240" ind1="1" ind2="0"><marc:subfield code="a">Historia scholastica</marc:subfield></marc:datafield><marc:datafield tag="245" ind1="1" ind2="0"><marc:subfield code="a">[R]euerendo patri ac domino suo Guilhelmo Dei gratia Senonensi Archiepiscopo, Petrus seruus Cristi prespiter Trecensis vitam bona[m] et exitum beatum, causa suscepti laboris fuit instans peticio sociorum ...</marc:subfield></marc:datafield><marc:datafield tag="260" ind1=" " ind2=" "><marc:subfield code="a">[Strasbourg :</marc:subfield><marc:subfield code="b">Printer of Henricus Ariminensis (Georg Reyser?),</marc:subfield><marc:subfield code="c">not after 6 Feb. 1473]</marc:subfield></marc:datafield><marc:datafield tag="300" ind1=" " ind2=" "><marc:subfield code="a">[508] p. (the last [4] p. blank) ;</marc:subfield><marc:subfield code="c">41 cm. (fol.)</marc:subfield></marc:datafield><marc:datafield tag="500" ind1=" " ind2=" "><marc:subfield code="a">Title from incipit (leaf [a]1r).</marc:subfield></marc:datafield><marc:datafield tag="500" ind1=" " ind2=" "><marc:subfield code="a">Imprint from Goff, who gives publisher statement as: [Printer of Henricus Ariminensis].</marc:subfield></marc:datafield><marc:datafield tag="500" ind1=" " ind2=" "><marc:subfield code="a">Signatures; [a-h]¹⁰, [i]⁸, [k]⁶, [l-z]¹⁰, [A-C]¹⁰.</marc:subfield></marc:datafield><marc:datafield tag="500" ind1=" " ind2=" "><marc:subfield code="a">Capital spaces.</marc:subfield></marc:datafield><marc:datafield tag="500" ind1=" " ind2=" "><marc:subfield code="a">Printed in 2 columns.</marc:subfield></marc:datafield><marc:datafield tag="510" ind1="4" ind2=" "><marc:subfield code="a">Goff</marc:subfield><marc:subfield code="c">P-460.</marc:subfield></marc:datafield><marc:datafield tag="510" ind1="4" ind2=" "><marc:subfield code="a">BM 15th cent.,</marc:subfield><marc:subfield code="c">I, p. 79 (IC.887).</marc:subfield></marc:datafield><marc:datafield tag="510" ind1="4" ind2=" "><marc:subfield code="a">Hain</marc:subfield><marc:subfield code="c">5529*.</marc:subfield></marc:datafield><marc:datafield tag="590" ind1=" " ind2=" "><marc:subfield code="a">Folger copy: gathering [f] lacks conjugate leaves [f]2, [f]9 and includes duplicates of leaves [f]4, [f]7 (reading: [f]1, [f]3, [f]4, [f]4, [f]5, [f]6, [f]7, [f]7, [f]8, [f]¹⁰); leaf [C]9, blank, lacking; worm holes in a few gatherings, slightly affecting text.</marc:subfield></marc:datafield><marc:datafield tag="590" ind1=" " ind2=" "><marc:subfield code="a">A few early manuscript notes in brown ink with some words corrected or spelled out in text; reference to Biblical books added by hand in headlines in the 1st gatherings and Chapter numbers added in margins of text in parts of the book; several sets of manuscript notes on front flyleaf, one of them being a listing of names of trees, birds, and other words in Latin with their equivalent in German.</marc:subfield></marc:datafield><marc:datafield tag="590" ind1=" " ind2=" "><marc:subfield code="a">Contemporary Austrian quarter calf binding on wooden boards, blind tooled with floral stamps and Kopfstempel, with 2 clasps catching on front cover; same Kopfstempel used on spine; fragments of a liturgical manuscript with neumes used as pastedown, wrapped around the first and last gatherings; large paper label on front cover bearing title in red and black; repaired; a small paper manuscript fragment bearing early handwriting in German, previously loosely inserted in book, now kept with the book in a tailored box.</marc:subfield></marc:datafield><marc:datafield tag="590" ind1=" " ind2=" "><marc:subfield code="a">Purchased in 1957.</marc:subfield></marc:datafield><marc:datafield tag="630" ind1="0" ind2="0"><marc:subfield code="a">Bible</marc:subfield><marc:subfield code="x">History of Biblical events.</marc:subfield></marc:datafield><marc:datafield tag="655" ind1=" " ind2="7"><marc:subfield code="a">Annotations (Provenance)</marc:subfield><marc:subfield code="2">rbprov</marc:subfield></marc:datafield><marc:datafield tag="655" ind1=" " ind2="7"><marc:subfield code="a">Manuscript fragments (Binding)</marc:subfield><marc:subfield code="2">rbbin</marc:subfield></marc:datafield><marc:datafield tag="655" ind1=" " ind2="7"><marc:subfield code="a">Calf bindings (Binding)</marc:subfield><marc:subfield code="z">Austria</marc:subfield><marc:subfield code="y">15th century.</marc:subfield><marc:subfield code="2">rbbin</marc:subfield></marc:datafield><marc:datafield tag="700" ind1="1" ind2=" "><marc:subfield code="a">Reyser, Georg,</marc:subfield><marc:subfield code="d">d. 1504,</marc:subfield><marc:subfield code="e">printer.</marc:subfield></marc:datafield><marc:datafield tag="752" ind1="1" ind2="0"><marc:subfield code="d">Strasbourg.</marc:subfield></marc:datafield><marc:datafield tag="100" ind1="0" ind2=" "><marc:subfield code="a">Petrus,</marc:subfield><marc:subfield code="c">Comestor,</marc:subfield><marc:subfield code="d">12th cent.</marc:subfield></marc:datafield><marc:datafield tag="856" ind1="4" ind2="1"><marc:subfield code="u">http://luna.folger.edu/luna/servlet/s/h84069</marc:subfield><marc:subfield code="z">Binding images and description for Folger Shakespeare Library INC P416 copy 1</marc:subfield></marc:datafield><marc:datafield tag="950" ind1=" " ind2=" "><marc:subfield code="l">RARE</marc:subfield><marc:subfield code="e">copy 1</marc:subfield><marc:subfield code="h">09/29/95 C</marc:subfield></marc:datafield><marc:datafield tag="998" ind1=" " ind2=" "><marc:subfield code="a">10/27/95</marc:subfield><marc:subfield code="t">c</marc:subfield><marc:subfield code="s">9114</marc:subfield><marc:subfield code="n">DFo</marc:subfield><marc:subfield code="w">DCFG95B2090</marc:subfield><marc:subfield code="d">09/20/95</marc:subfield><marc:subfield code="c">ML</marc:subfield><marc:subfield code="b">MT</marc:subfield><marc:subfield code="l">DCFG</marc:subfield></marc:datafield></marc:record>