
<marc:record><marc:leader>03599cam a2200469 a 4500</marc:leader>
<marc:controlfield tag="001">90381</marc:controlfield>
<marc:controlfield tag="005">20120822121755.0</marc:controlfield><marc:controlfield tag="008">950920s1473    fr            000 0 lat d</marc:controlfield><marc:datafield tag="035" ind1=" " ind2=" "><marc:subfield code="9">DCFG95-B2091</marc:subfield></marc:datafield><marc:datafield tag="035" ind1=" " ind2=" "><marc:subfield code="a">90381</marc:subfield></marc:datafield><marc:datafield tag="040" ind1=" " ind2=" "><marc:subfield code="a">DFo</marc:subfield><marc:subfield code="c">DFo</marc:subfield><marc:subfield code="e">dcrb</marc:subfield><marc:subfield code="d">UtOrBLW</marc:subfield></marc:datafield><marc:datafield tag="090" ind1=" " ind2=" "><marc:subfield code="b">INC P416</marc:subfield><marc:subfield code="f">126562</marc:subfield><marc:subfield code="t">6̃30</marc:subfield><marc:subfield code="t">7̃55</marc:subfield><marc:subfield code="i">11/07/95 N</marc:subfield><marc:subfield code="h">09/29/95 C</marc:subfield></marc:datafield><marc:datafield tag="240" ind1="1" ind2="0"><marc:subfield code="a">Historia scholastica</marc:subfield></marc:datafield><marc:datafield tag="245" ind1="1" ind2="0"><marc:subfield code="a">[R]euerendo patri ac domino suo Guilhelmo Dei gratia Senonensi Archiepiscopo, Petrus seruus Cristi prespiter Trecensis vitam bona[m] et exitum beatum causa suscepti laboris fuit instans peticio sociorum ...</marc:subfield></marc:datafield><marc:datafield tag="260" ind1=" " ind2=" "><marc:subfield code="a">[Strasbourg :</marc:subfield><marc:subfield code="b">Printer of Henricus Ariminensis (Georg Reyser?),</marc:subfield><marc:subfield code="c">not after 6 Feb. 1473]</marc:subfield></marc:datafield><marc:datafield tag="300" ind1=" " ind2=" "><marc:subfield code="a">[508] p. (the last [4] p. blank) ;</marc:subfield><marc:subfield code="c">41 cm. (fol.)</marc:subfield></marc:datafield><marc:datafield tag="500" ind1=" " ind2=" "><marc:subfield code="a">Title from incipit (leaf [a]1r).</marc:subfield></marc:datafield><marc:datafield tag="500" ind1=" " ind2=" "><marc:subfield code="a">Imprint from Goff, who gives publisher statement as: [Printer of Henricus Ariminensis].</marc:subfield></marc:datafield><marc:datafield tag="500" ind1=" " ind2=" "><marc:subfield code="a">Signatures; [a-h]¹⁰, [i]⁸, [k]⁶, [l-z]¹⁰, [A-C]¹⁰.</marc:subfield></marc:datafield><marc:datafield tag="500" ind1=" " ind2=" "><marc:subfield code="a">Capital spaces.</marc:subfield></marc:datafield><marc:datafield tag="500" ind1=" " ind2=" "><marc:subfield code="a">Printed in 2 columns.</marc:subfield></marc:datafield><marc:datafield tag="510" ind1="4" ind2=" "><marc:subfield code="a">Goff</marc:subfield><marc:subfield code="c">P-460.</marc:subfield></marc:datafield><marc:datafield tag="510" ind1="4" ind2=" "><marc:subfield code="a">BM 15th cent.,</marc:subfield><marc:subfield code="c">I, p. 79 (IC.887).</marc:subfield></marc:datafield><marc:datafield tag="510" ind1="4" ind2=" "><marc:subfield code="a">Hain</marc:subfield><marc:subfield code="c">5529*.</marc:subfield></marc:datafield><marc:datafield tag="590" ind1=" " ind2=" "><marc:subfield code="a">Folger copy lacks last 2 leaves (blank); 1st leaf mutilated from cutting of initial, affecting text.</marc:subfield></marc:datafield><marc:datafield tag="590" ind1=" " ind2=" "><marc:subfield code="a">Initials, capital strokes, lines separating notes from text, some headlines, and titles of paragraphs provided in red paint throughout the book, with an occasional supplementary note in margins.</marc:subfield></marc:datafield><marc:datafield tag="590" ind1=" " ind2=" "><marc:subfield code="a">Manuscript quiring in brown ink.</marc:subfield></marc:datafield><marc:datafield tag="590" ind1=" " ind2=" "><marc:subfield code="a">Inscription at head of 1st page &quot;Sum Religiosorum fr[atr]ũm in Rottẽbuech&quot; in brown ink, and &quot;Raytenbůch&quot; in same red paint as rubrication at foot of same page (for the Augustinian Canons of Rottenbuch?); bookstamps of T.B. Reed and of the St. Bride Foundation, Passmore Edwards Library; early large shelfmark on paper label pasted on front cover, reading &quot;B [in red] 2 [in brown]&quot;; other inscription on front pastedown &quot;Comestor 5812 K&quot; (no. 5812 is repeated in upper left corner);  no. &quot;1580&quot; handwritten in T.B. Reed's bookstamp; purchased in 1959.</marc:subfield></marc:datafield><marc:datafield tag="590" ind1=" " ind2=" "><marc:subfield code="a">In a German quarter binding with 16th cent. blind tooled pigskin on original sheepskin boards, blind tooled with cross, saltire, and diamond; remains of 2 clasps catching on front cover; a vellum label on front cover with title &quot;[H]istoria scolastica&quot;, and 2 superposed paper labels, the upper label with shelfmark &quot;B2&quot; superseding an earlier one also bearing inscription in red paint; title inscription on spine with another pencilled inscription &quot;Biblica [...?]&quot; partially illegible; evidence of a small rectangular label on spine, with 2 other superposed labels in vellum; evidence of center- and cornerpieces on both covers; manuscript fragments used as spine reinforcement.</marc:subfield></marc:datafield><marc:datafield tag="590" ind1=" " ind2=" "><marc:subfield code="a">Purchased in 1959.</marc:subfield></marc:datafield><marc:datafield tag="630" ind1="0" ind2="0"><marc:subfield code="a">Bible</marc:subfield><marc:subfield code="x">History of Biblical events.</marc:subfield></marc:datafield><marc:datafield tag="655" ind1=" " ind2="7"><marc:subfield code="a">Sheepskin bindings (Binding)</marc:subfield><marc:subfield code="z">Germany</marc:subfield><marc:subfield code="y">15th century.</marc:subfield><marc:subfield code="2">rbbin</marc:subfield></marc:datafield><marc:datafield tag="655" ind1=" " ind2="7"><marc:subfield code="a">Manuscript waste (Binding)</marc:subfield><marc:subfield code="2">rbbin</marc:subfield></marc:datafield><marc:datafield tag="710" ind1="1" ind2=" "><marc:subfield code="a">Rottenbuch (Germany).</marc:subfield><marc:subfield code="b">Augustinian Canons,</marc:subfield><marc:subfield code="e">former owner.</marc:subfield></marc:datafield><marc:datafield tag="700" ind1="1" ind2=" "><marc:subfield code="a">Reed, Talbot Baines,</marc:subfield><marc:subfield code="d">1852-1893,</marc:subfield><marc:subfield code="e">former owner.</marc:subfield></marc:datafield><marc:datafield tag="710" ind1="2" ind2=" "><marc:subfield code="a">St. Bride Foundation Institute.</marc:subfield><marc:subfield code="b">Passmore Edwards Library,</marc:subfield><marc:subfield code="e">former owner.</marc:subfield></marc:datafield><marc:datafield tag="700" ind1="1" ind2=" "><marc:subfield code="a">Reyser, Georg,</marc:subfield><marc:subfield code="d">d. 1504,</marc:subfield><marc:subfield code="e">printer.</marc:subfield></marc:datafield><marc:datafield tag="752" ind1="1" ind2="0"><marc:subfield code="d">Strasbourg.</marc:subfield></marc:datafield><marc:datafield tag="100" ind1="0" ind2=" "><marc:subfield code="a">Petrus,</marc:subfield><marc:subfield code="c">Comestor,</marc:subfield><marc:subfield code="d">12th cent.</marc:subfield></marc:datafield><marc:datafield tag="856" ind1="4" ind2="1"><marc:subfield code="u">http://luna.folger.edu/luna/servlet/s/ttzf6j</marc:subfield><marc:subfield code="z">Binding images and description for Folger Shakespeare Library INC P416 copy 2</marc:subfield></marc:datafield><marc:datafield tag="950" ind1=" " ind2=" "><marc:subfield code="l">RARE</marc:subfield><marc:subfield code="e">copy 2</marc:subfield><marc:subfield code="h">09/29/95 C</marc:subfield></marc:datafield><marc:datafield tag="998" ind1=" " ind2=" "><marc:subfield code="a">11/07/95</marc:subfield><marc:subfield code="t">c</marc:subfield><marc:subfield code="s">9114</marc:subfield><marc:subfield code="n">DFo</marc:subfield><marc:subfield code="w">DCFG95B2091</marc:subfield><marc:subfield code="d">09/20/95</marc:subfield><marc:subfield code="c">ML</marc:subfield><marc:subfield code="b">MT</marc:subfield><marc:subfield code="l">DCFG</marc:subfield></marc:datafield></marc:record>