
<marc:record><marc:leader>01923cam a2200349 a 4500</marc:leader>
<marc:controlfield tag="001">90508</marc:controlfield>
<marc:controlfield tag="005">20110119170033.0</marc:controlfield><marc:controlfield tag="008">951115s1500    fr a          000 0 lat d</marc:controlfield><marc:datafield tag="035" ind1=" " ind2=" "><marc:subfield code="9">DCFG95-B2474</marc:subfield></marc:datafield><marc:datafield tag="035" ind1=" " ind2=" "><marc:subfield code="a">90508</marc:subfield></marc:datafield><marc:datafield tag="040" ind1=" " ind2=" "><marc:subfield code="a">DFo</marc:subfield><marc:subfield code="c">DFo</marc:subfield><marc:subfield code="e">dcrb</marc:subfield><marc:subfield code="d">UtOrBLW</marc:subfield></marc:datafield><marc:datafield tag="090" ind1=" " ind2=" "><marc:subfield code="b">INC P875</marc:subfield><marc:subfield code="f">202899</marc:subfield><marc:subfield code="t">6̃90</marc:subfield><marc:subfield code="i">04/24/96 N</marc:subfield><marc:subfield code="h">11/28/95 C</marc:subfield></marc:datafield><marc:datafield tag="100" ind1="1" ind2=" "><marc:subfield code="a">Prebusinus, Urbanus,</marc:subfield><marc:subfield code="c">de Brünn.</marc:subfield></marc:datafield><marc:datafield tag="245" ind1="1" ind2="0"><marc:subfield code="a">Oratio mordacissima Vrbani Prebusini oste[n]dens damnu[m] q[uo]d omnibus se colentibus, affera[n]t virtuies &amp; lauda[n]s vicia, que cu[m] ad opima b[e]n[e]ficia co[n]seq[ue]nda virtutib[us] m[u]lto su[n]t co[n]ducibiliora ea vicia i[n]numeras nobis adduce[n]tia cruciatus o[mn]i[u]m facultatu[m] Ph[ilosoph]i sequentes, virtutes q[uae] vnice nos a p[er]turbatio[n]ibus liberant libertatemq[ue] aniorum prestnat fastidientes se suapte ambitione q[uam] miserrime perdant.</marc:subfield></marc:datafield><marc:datafield tag="260" ind1=" " ind2=" "><marc:subfield code="a">[Strasbourg :</marc:subfield><marc:subfield code="b">Johann Grüninger,</marc:subfield><marc:subfield code="c">ca. 1500]</marc:subfield></marc:datafield><marc:datafield tag="300" ind1=" " ind2=" "><marc:subfield code="a">[20] p. (the last [2] p. blank) :</marc:subfield><marc:subfield code="b">1 ill. (woodcut) ;</marc:subfield><marc:subfield code="c">20 cm. (4to)</marc:subfield></marc:datafield><marc:datafield tag="500" ind1=" " ind2=" "><marc:subfield code="a">Imprint from Goff.</marc:subfield></marc:datafield><marc:datafield tag="500" ind1=" " ind2=" "><marc:subfield code="a">Signatures: a⁴, b⁶.</marc:subfield></marc:datafield><marc:datafield tag="500" ind1=" " ind2=" "><marc:subfield code="a">Capital space with guide letter on leaf a2r.</marc:subfield></marc:datafield><marc:datafield tag="500" ind1=" " ind2=" "><marc:subfield code="a">Woodcut on t.p. verso with inscription &quot;Posui Deum adiutorem meum&quot;.</marc:subfield></marc:datafield><marc:datafield tag="510" ind1="4" ind2=" "><marc:subfield code="a">Goff</marc:subfield><marc:subfield code="c">P-958.</marc:subfield></marc:datafield><marc:datafield tag="510" ind1="4" ind2=" "><marc:subfield code="a">BM 15th cent.,</marc:subfield><marc:subfield code="c">I, p. 116 (IA.1544).</marc:subfield></marc:datafield><marc:datafield tag="510" ind1="4" ind2=" "><marc:subfield code="a">Hain-Copinger,</marc:subfield><marc:subfield code="c">4006*.</marc:subfield></marc:datafield><marc:datafield tag="590" ind1=" " ind2=" "><marc:subfield code="a">Folger copy: brown ink sketches (defaced?) in blank shield in woodcut.</marc:subfield></marc:datafield><marc:datafield tag="590" ind1=" " ind2=" "><marc:subfield code="a">Booklabel &quot;Ex libris F. S. Ferguson&quot;; purchased in 1969.</marc:subfield></marc:datafield><marc:datafield tag="590" ind1=" " ind2=" "><marc:subfield code="a">Previously in a later half leather binding with marbled paper sides; rebound in paper case cover.</marc:subfield></marc:datafield><marc:datafield tag="655" ind1=" " ind2="7"><marc:subfield code="a">Illustrated works</marc:subfield><marc:subfield code="y">15th and 16th centuries.</marc:subfield><marc:subfield code="2">rbgenr</marc:subfield></marc:datafield><marc:datafield tag="700" ind1="1" ind2=" "><marc:subfield code="a">Ferguson, F. S.</marc:subfield><marc:subfield code="q">(Frederic Sutherland),</marc:subfield><marc:subfield code="d">1878-1967,</marc:subfield><marc:subfield code="e">former owner.</marc:subfield></marc:datafield><marc:datafield tag="700" ind1="1" ind2=" "><marc:subfield code="a">Grüninger, Johann,</marc:subfield><marc:subfield code="d">d. 1532?,</marc:subfield><marc:subfield code="e">printer.</marc:subfield></marc:datafield><marc:datafield tag="752" ind1="1" ind2="0"><marc:subfield code="d">Strasbourg.</marc:subfield></marc:datafield><marc:datafield tag="950" ind1=" " ind2=" "><marc:subfield code="l">RARE</marc:subfield><marc:subfield code="h">11/28/95 C</marc:subfield></marc:datafield><marc:datafield tag="998" ind1=" " ind2=" "><marc:subfield code="a">04/24/96</marc:subfield><marc:subfield code="t">c</marc:subfield><marc:subfield code="s">9114</marc:subfield><marc:subfield code="n">DFo</marc:subfield><marc:subfield code="w">DCFG95B2474</marc:subfield><marc:subfield code="d">11/15/95</marc:subfield><marc:subfield code="c">ML</marc:subfield><marc:subfield code="b">ML</marc:subfield><marc:subfield code="l">DCFG</marc:subfield></marc:datafield></marc:record>