
<marc:record><marc:leader>02080cam a2200445 a 4500</marc:leader>
<marc:controlfield tag="001">90028</marc:controlfield>
<marc:controlfield tag="005">20110119170017.0</marc:controlfield><marc:controlfield tag="008">941007s1480    it            000 0 lat d</marc:controlfield><marc:datafield tag="035" ind1=" " ind2=" "><marc:subfield code="9">DCFG94-B3146</marc:subfield></marc:datafield><marc:datafield tag="040" ind1=" " ind2=" "><marc:subfield code="a">MdBJ</marc:subfield><marc:subfield code="c">MdBJ</marc:subfield><marc:subfield code="d">MdBJ</marc:subfield><marc:subfield code="d">DFo</marc:subfield><marc:subfield code="e">dcrb</marc:subfield></marc:datafield><marc:datafield tag="041" ind1="1" ind2=" "><marc:subfield code="a">lat</marc:subfield><marc:subfield code="h">grc</marc:subfield></marc:datafield><marc:datafield tag="090" ind1=" " ind2=" "><marc:subfield code="b">INC E94</marc:subfield><marc:subfield code="f">cs845</marc:subfield><marc:subfield code="t">6̃50</marc:subfield><marc:subfield code="t">7̃00</marc:subfield><marc:subfield code="t">7̃40</marc:subfield><marc:subfield code="i">10/17/94 C</marc:subfield></marc:datafield><marc:datafield tag="240" ind1="0" ind2="0"><marc:subfield code="a">De evangelica praeparatione.</marc:subfield><marc:subfield code="l">Latin</marc:subfield></marc:datafield><marc:datafield tag="245" ind1="1" ind2="0"><marc:subfield code="a">Eusebius Pamphili De euangelica praeparatione /</marc:subfield><marc:subfield code="c">a Georgio Trapezuntio traductus.</marc:subfield></marc:datafield><marc:datafield tag="246" ind1="3" ind2="3"><marc:subfield code="a">Evangelica praeparatio</marc:subfield></marc:datafield><marc:datafield tag="246" ind1="3" ind2="3"><marc:subfield code="a">Evsebivs Pamphili De evangelica praeparatione</marc:subfield></marc:datafield><marc:datafield tag="260" ind1=" " ind2=" "><marc:subfield code="a">[Treviso] :</marc:subfield><marc:subfield code="b">Michael Manzolinus Parmensis exactissima impressit diligentia Taruisii,</marc:subfield><marc:subfield code="c">anno Humanitatis Christi, 1480, pridie Idus Ianuarias [12 Jan.]</marc:subfield></marc:datafield><marc:datafield tag="300" ind1=" " ind2=" "><marc:subfield code="a">[216] p. ;</marc:subfield><marc:subfield code="c">30 cm. (fol.)</marc:subfield></marc:datafield><marc:datafield tag="500" ind1=" " ind2=" "><marc:subfield code="a">Title from incipit (a4v).</marc:subfield></marc:datafield><marc:datafield tag="500" ind1=" " ind2=" "><marc:subfield code="a">Edited by Hieronymus Bononius.</marc:subfield></marc:datafield><marc:datafield tag="500" ind1=" " ind2=" "><marc:subfield code="a">Imprint from colophon (leaf p7v).</marc:subfield></marc:datafield><marc:datafield tag="500" ind1=" " ind2=" "><marc:subfield code="a">Signatures: a¹⁰, b-n⁸/⁶, o⁶, p⁸.</marc:subfield></marc:datafield><marc:datafield tag="500" ind1=" " ind2=" "><marc:subfield code="a">Leaves a1 and p8 are blank.</marc:subfield></marc:datafield><marc:datafield tag="500" ind1=" " ind2=" "><marc:subfield code="a">Capital spaces mostly with guide letters.</marc:subfield></marc:datafield><marc:datafield tag="510" ind1="4" ind2=" "><marc:subfield code="a">Goff</marc:subfield><marc:subfield code="c">E-121.</marc:subfield></marc:datafield><marc:datafield tag="510" ind1="4" ind2=" "><marc:subfield code="a">BM 15th cent.,</marc:subfield><marc:subfield code="c">VI, p. 888 (IB.28358).</marc:subfield></marc:datafield><marc:datafield tag="510" ind1="4" ind2=" "><marc:subfield code="a">GW</marc:subfield><marc:subfield code="c">9443 (var.).</marc:subfield></marc:datafield><marc:datafield tag="590" ind1=" " ind2=" "><marc:subfield code="a">Folger copy: some initials provided in brown or black ink.</marc:subfield></marc:datafield><marc:datafield tag="590" ind1=" " ind2=" "><marc:subfield code="a">Inscription repeated at the beginning and at the end of the book: Ex Fistulariorum [?] Libris&quot; with date 1725, and &quot;Ex alijs Fistulariorum [?] Libris&quot;; book label with no. &quot;2082&quot; on front pastedown corrected in pencil to no. &quot;655&quot;; no. &quot;1480&quot; handwritten on spine.</marc:subfield></marc:datafield><marc:datafield tag="590" ind1=" " ind2=" "><marc:subfield code="a">Mold in 1st gathering; repaired.</marc:subfield></marc:datafield><marc:datafield tag="590" ind1=" " ind2=" "><marc:subfield code="a">Purchased in 1916.</marc:subfield></marc:datafield><marc:datafield tag="650" ind1=" " ind2="0"><marc:subfield code="a">Apologetics</marc:subfield><marc:subfield code="x">History</marc:subfield><marc:subfield code="y">Early church, ca. 30-600.</marc:subfield></marc:datafield><marc:datafield tag="700" ind1="1" ind2=" "><marc:subfield code="a">Bononius, Hieronymus.</marc:subfield></marc:datafield><marc:datafield tag="700" ind1="1" ind2=" "><marc:subfield code="a">Fistulario family,</marc:subfield><marc:subfield code="e">former owner.</marc:subfield></marc:datafield><marc:datafield tag="700" ind1="1" ind2=" "><marc:subfield code="a">Manzolo, Michele,</marc:subfield><marc:subfield code="d">fl. 1476-1481,</marc:subfield><marc:subfield code="e">printer.</marc:subfield></marc:datafield><marc:datafield tag="752" ind1="1" ind2="0"><marc:subfield code="d">Treviso.</marc:subfield></marc:datafield><marc:datafield tag="100" ind1="0" ind2=" "><marc:subfield code="a">Eusebius,</marc:subfield><marc:subfield code="c">of Caesarea, Bishop of Caesarea,</marc:subfield><marc:subfield code="d">ca. 260-ca. 340.</marc:subfield></marc:datafield><marc:datafield tag="700" ind1="0" ind2=" "><marc:subfield code="a">George,</marc:subfield><marc:subfield code="c">of Trebizond,</marc:subfield><marc:subfield code="d">1396-1486.</marc:subfield></marc:datafield><marc:datafield tag="950" ind1=" " ind2=" "><marc:subfield code="l">RARE</marc:subfield><marc:subfield code="i">10/17/94 C</marc:subfield></marc:datafield><marc:datafield tag="998" ind1=" " ind2=" "><marc:subfield code="a">10/17/94</marc:subfield><marc:subfield code="t">c</marc:subfield><marc:subfield code="s">9114</marc:subfield><marc:subfield code="n">DFo</marc:subfield><marc:subfield code="w">DCFG94B3146</marc:subfield><marc:subfield code="d">10/07/94</marc:subfield><marc:subfield code="c">ML</marc:subfield><marc:subfield code="b">MT</marc:subfield><marc:subfield code="l">DCFG</marc:subfield></marc:datafield></marc:record>