
<marc:record><marc:leader>03475cam a2200469 a 4500</marc:leader>
<marc:controlfield tag="001">90276</marc:controlfield>
<marc:controlfield tag="005">20110119170024.0</marc:controlfield><marc:controlfield tag="008">950420s1476    it            000 0 lat d</marc:controlfield><marc:datafield tag="035" ind1=" " ind2=" "><marc:subfield code="9">DCFG95-B1232</marc:subfield></marc:datafield><marc:datafield tag="040" ind1=" " ind2=" "><marc:subfield code="a">DFo</marc:subfield><marc:subfield code="c">DFo</marc:subfield><marc:subfield code="e">dcrb</marc:subfield><marc:subfield code="d">UtOrBLW</marc:subfield></marc:datafield><marc:datafield tag="090" ind1=" " ind2=" "><marc:subfield code="b">INC M75</marc:subfield><marc:subfield code="t">6̃00</marc:subfield><marc:subfield code="t">6̃50</marc:subfield><marc:subfield code="t">7̃55</marc:subfield><marc:subfield code="i">05/23/95 N</marc:subfield><marc:subfield code="h">04/27/95 C</marc:subfield></marc:datafield><marc:datafield tag="240" ind1="1" ind2="0"><marc:subfield code="a">Super primo libro Sententiarum</marc:subfield></marc:datafield><marc:datafield tag="245" ind1="1" ind2="0"><marc:subfield code="a">Fratris Fra[n]cisci Maronis ordinis Mino[rum] sacra[rum] littera[rum] i[n]terp[re]tis theologiceq[ue] ueritatis p[ro]fessoris eximii Sup[er] p[ri]mu[m] S[ente]n[t]ia[rum] scriptu[m] finit.</marc:subfield></marc:datafield><marc:datafield tag="260" ind1=" " ind2=" "><marc:subfield code="a">[Treviso] :</marc:subfield><marc:subfield code="b">P[er] magist[rum] Michaelem Ma[n]zolo de Parma Triuisie ...,</marc:subfield><marc:subfield code="c">anno Salutis n[ost]re 1476o ...</marc:subfield></marc:datafield><marc:datafield tag="300" ind1=" " ind2=" "><marc:subfield code="a">[492] p. ;</marc:subfield><marc:subfield code="c">30 cm. (fol.)</marc:subfield></marc:datafield><marc:datafield tag="500" ind1=" " ind2=" "><marc:subfield code="a">Title from explicit (leaf 2b3v).</marc:subfield></marc:datafield><marc:datafield tag="500" ind1=" " ind2=" "><marc:subfield code="a">Imprint from colophon (leaf 2b3v), which gives date before publisher and place of publication.</marc:subfield></marc:datafield><marc:datafield tag="500" ind1=" " ind2=" "><marc:subfield code="a">Signatures: a⁸, B⁶, b⁸, c¹⁰, d-e⁸, f¹⁰, g-i⁸, k-l¹⁰, m¹², N¹², n¹⁰, o⁸, p-q¹⁰, r⁸, s-z¹⁰, 2a⁸, 2b⁶, (n1 unsigned).</marc:subfield></marc:datafield><marc:datafield tag="500" ind1=" " ind2=" "><marc:subfield code="a">Printed in 2 columns.</marc:subfield></marc:datafield><marc:datafield tag="500" ind1=" " ind2=" "><marc:subfield code="a">Capital spaces.</marc:subfield></marc:datafield><marc:datafield tag="500" ind1=" " ind2=" "><marc:subfield code="a">The 1st and last leaves are blank.</marc:subfield></marc:datafield><marc:datafield tag="510" ind1="4" ind2=" "><marc:subfield code="a">Goff</marc:subfield><marc:subfield code="c">M-90.</marc:subfield></marc:datafield><marc:datafield tag="510" ind1="4" ind2=" "><marc:subfield code="a">BM 15th cent.,</marc:subfield><marc:subfield code="c">VI, p. 887 (IB.28345).</marc:subfield></marc:datafield><marc:datafield tag="510" ind1="4" ind2=" "><marc:subfield code="a">Hain-Copinger</marc:subfield><marc:subfield code="c">10534*.</marc:subfield></marc:datafield><marc:datafield tag="590" ind1=" " ind2=" "><marc:subfield code="a">Folger copy: leaf p7 perforated, slightly affecting text; edges trimmed, affecting set of manuscript notes on 1st leaf (blank).</marc:subfield></marc:datafield><marc:datafield tag="590" ind1=" " ind2=" "><marc:subfield code="a">Initials, capital strokes and paragraph marks in red paint throughout; addition of numbers of &quot;Distinctiones&quot; as headlines, and of numbering at head of each &quot;Quaestio&quot; in same red paint (this numbering is repeated in the &quot;Tabula questionu[m])&quot;.</marc:subfield></marc:datafield><marc:datafield tag="590" ind1=" " ind2=" "><marc:subfield code="a">A few manuscript finding notes with brackets in brown ink, mostly in the 1st &quot;Distinctiones&quot; (manuscript notes on leaves from Pietro de Bergamo's Tabula used as flyleaves, are in a different hand).</marc:subfield></marc:datafield><marc:datafield tag="590" ind1=" " ind2=" "><marc:subfield code="a">Inscription at foot of leaf a2r &quot;gi. 27. C254&quot;; bookstamp at foot of recto of 1st front flyleaf in red ink with initials &quot;COG&quot; and Italian Count coronet; circular bookstamp &quot;Museo Cavaleri&quot; on same leaf; bookplate, initials, date &quot;May 1900&quot; and bibliographic notes of George Dunn identifying the flyleaves as fragments from Pietro de Bergamo's Tabula operum Thomae Aquinatis (Hain 2816) (not located in the Sotheby sale catalogs of George Dunn's Library); bookplate of W.T. Smedley; purchased in 1924.</marc:subfield></marc:datafield><marc:datafield tag="590" ind1=" " ind2=" "><marc:subfield code="a">Printer's point holes showing on all leaves throughout the book; eight random leaves from Pietro de Bergamo's Tabula operum Thomae Aquinatis printed by B. Azzoguidi in Bologna in 1473, used as flyleaves (4 at front and 4 at end of the book); fragment from musical manuscript on vellum with neumes, previously used as endpaper reinforcements, now pasted on back pastedown; rebound in 1980.</marc:subfield></marc:datafield><marc:datafield tag="600" ind1="0" ind2="0"><marc:subfield code="a">Peter Lombard,</marc:subfield><marc:subfield code="c">Bishop of Paris,</marc:subfield><marc:subfield code="d">ca. 1100-1160.</marc:subfield><marc:subfield code="t">Sententiarum libri IV.</marc:subfield></marc:datafield><marc:datafield tag="650" ind1=" " ind2="0"><marc:subfield code="a">Theology.</marc:subfield></marc:datafield><marc:datafield tag="650" ind1=" " ind2="0"><marc:subfield code="a">Philosophy.</marc:subfield></marc:datafield><marc:datafield tag="655" ind1=" " ind2="7"><marc:subfield code="a">Printed waste (Binding).</marc:subfield><marc:subfield code="2">rbbin</marc:subfield></marc:datafield><marc:datafield tag="655" ind1=" " ind2="7"><marc:subfield code="a">Musical annotations.</marc:subfield><marc:subfield code="2">local</marc:subfield></marc:datafield><marc:datafield tag="700" ind1="1" ind2=" "><marc:subfield code="a">Cavaleri, Michele,</marc:subfield><marc:subfield code="e">former owner.</marc:subfield></marc:datafield><marc:datafield tag="700" ind1="1" ind2=" "><marc:subfield code="a">Dunn, George,</marc:subfield><marc:subfield code="d">1864-1912,</marc:subfield><marc:subfield code="e">former owner.</marc:subfield></marc:datafield><marc:datafield tag="700" ind1="1" ind2=" "><marc:subfield code="a">Smedley, William T.</marc:subfield><marc:subfield code="q">(William Thomas),</marc:subfield><marc:subfield code="d">b. 1851,</marc:subfield><marc:subfield code="e">former owner.</marc:subfield></marc:datafield><marc:datafield tag="700" ind1="1" ind2=" "><marc:subfield code="a">Manzolo, Michele,</marc:subfield><marc:subfield code="d">fl. 1476-1481,</marc:subfield><marc:subfield code="e">printer.</marc:subfield></marc:datafield><marc:datafield tag="752" ind1="1" ind2="0"><marc:subfield code="d">Treviso.</marc:subfield></marc:datafield><marc:datafield tag="100" ind1="0" ind2=" "><marc:subfield code="a">Franciscus,</marc:subfield><marc:subfield code="c">de Mayronis,</marc:subfield><marc:subfield code="d">ca. 1285-ca. 1328.</marc:subfield></marc:datafield><marc:datafield tag="950" ind1=" " ind2=" "><marc:subfield code="l">RARE</marc:subfield><marc:subfield code="h">04/27/95 C</marc:subfield></marc:datafield><marc:datafield tag="998" ind1=" " ind2=" "><marc:subfield code="a">05/23/95</marc:subfield><marc:subfield code="t">c</marc:subfield><marc:subfield code="s">9114</marc:subfield><marc:subfield code="n">DFo</marc:subfield><marc:subfield code="w">DCFG95B1232</marc:subfield><marc:subfield code="d">04/20/95</marc:subfield><marc:subfield code="c">ML</marc:subfield><marc:subfield code="b">MT</marc:subfield><marc:subfield code="l">DCFG</marc:subfield></marc:datafield></marc:record>