
<marc:record><marc:leader>03408cam a2200517 a 4500</marc:leader>
<marc:controlfield tag="001">90222</marc:controlfield>
<marc:controlfield tag="005">20120822114129.0</marc:controlfield><marc:controlfield tag="008">950209s1484    gw            001 0 lat d</marc:controlfield><marc:datafield tag="035" ind1=" " ind2=" "><marc:subfield code="9">DCFG95-B456</marc:subfield></marc:datafield><marc:datafield tag="040" ind1=" " ind2=" "><marc:subfield code="a">DFo</marc:subfield><marc:subfield code="c">DFo</marc:subfield><marc:subfield code="e">dcrb</marc:subfield><marc:subfield code="d">UtOrBLW</marc:subfield></marc:datafield><marc:datafield tag="090" ind1=" " ind2=" "><marc:subfield code="b">INC J162</marc:subfield><marc:subfield code="f">cs848</marc:subfield><marc:subfield code="t">6̃50</marc:subfield><marc:subfield code="t">7̃40</marc:subfield><marc:subfield code="t">7̃55</marc:subfield><marc:subfield code="i">02/23/95 C</marc:subfield></marc:datafield><marc:datafield tag="240" ind1="1" ind2="0"><marc:subfield code="a">Sermones dominicales</marc:subfield></marc:datafield><marc:datafield tag="245" ind1="1" ind2="0"><marc:subfield code="a">Ordinis Predicatoru[m] Fratris Iacobi de Voragine Sermones dominicales per anni circulum predicabiles alphabetico ordi[n]e magistraliter registrati, sicut clare patet inspicienti feliciter incipiunt.</marc:subfield></marc:datafield><marc:datafield tag="260" ind1=" " ind2=" "><marc:subfield code="a">[Ulm :</marc:subfield><marc:subfield code="b">Konrad Dinckmut],</marc:subfield><marc:subfield code="c">anno D[omi]ni 1484 pridie Kalendas Augusti die vero Saturni [31 July]</marc:subfield></marc:datafield><marc:datafield tag="300" ind1=" " ind2=" "><marc:subfield code="a">[8], clxxxi [i.e. 184] leaves ;</marc:subfield><marc:subfield code="c">27 cm. (fol.)</marc:subfield></marc:datafield><marc:datafield tag="500" ind1=" " ind2=" "><marc:subfield code="a">Title from incipit (leaf [a]1r).</marc:subfield></marc:datafield><marc:datafield tag="500" ind1=" " ind2=" "><marc:subfield code="a">Date of publication from colophon (recto of leaf 184, numbered &quot;clxxxi&quot;); publisher statement and place of publication from Amelung; assigned to Bologna by Voulliéme, and to Southern Germany by Scholderer. Cf. Gutenberg Jahrbuch 1929, p. 127-133, and BM 15th cent., VI, p. xxxvi, note.</marc:subfield></marc:datafield><marc:datafield tag="500" ind1=" " ind2=" "><marc:subfield code="a">Signatures:[A]⁸, [a-z]⁸.</marc:subfield></marc:datafield><marc:datafield tag="500" ind1=" " ind2=" "><marc:subfield code="a">Printed in 2 columns.</marc:subfield></marc:datafield><marc:datafield tag="500" ind1=" " ind2=" "><marc:subfield code="a">Capital spaces.</marc:subfield></marc:datafield><marc:datafield tag="500" ind1=" " ind2=" "><marc:subfield code="a">Numbers 54, 55, and 56 repeated in numbering of leaves.</marc:subfield></marc:datafield><marc:datafield tag="510" ind1="4" ind2=" "><marc:subfield code="a">Goff</marc:subfield><marc:subfield code="c">J-183.</marc:subfield></marc:datafield><marc:datafield tag="510" ind1="4" ind2=" "><marc:subfield code="a">Amelung, P. Frühdruck,</marc:subfield><marc:subfield code="c">I, 99.</marc:subfield></marc:datafield><marc:datafield tag="510" ind1="4" ind2=" "><marc:subfield code="a">BN incun.,</marc:subfield><marc:subfield code="c">J-131, pt. 1.</marc:subfield></marc:datafield><marc:datafield tag="510" ind1="4" ind2=" "><marc:subfield code="a">Bayerische Staatsbibliothek. Inkunabelkatalog,</marc:subfield><marc:subfield code="c">I-110.</marc:subfield></marc:datafield><marc:datafield tag="500" ind1=" " ind2=" "><marc:subfield code="a">Includes index.</marc:subfield></marc:datafield><marc:datafield tag="590" ind1=" " ind2=" "><marc:subfield code="a">Folger copy: last leaf damaged, affecting text; edges trimmed, slightly affecting manuscript notes; some worming in a few gatherings, also affecting text slightly.</marc:subfield></marc:datafield><marc:datafield tag="590" ind1=" " ind2=" "><marc:subfield code="a">Initials provided in red with paragraph marks, strokes on 1st capital in titles, and underlining of titles throughout.</marc:subfield></marc:datafield><marc:datafield tag="590" ind1=" " ind2=" "><marc:subfield code="a">Manuscript notes in brown ink with underlining and brackets; brown ink infill in 1st rubricated initial in text; red pencil markings in gathering [m].</marc:subfield></marc:datafield><marc:datafield tag="590" ind1=" " ind2=" "><marc:subfield code="a">Foot of 1st leaf (bearing inscription?) has been cut off; inscription at head of 1st leaf &quot;In usum FF. Staingadensiu[m] [SC?] Empt[us] [Anno 1?]649&quot;; another note at end in red ink &quot;Finis [...?] Marx Byirer[?]; pencilled note on front free endpaper &quot;Chas Gregory Bath Sept. 1906&quot;.</marc:subfield></marc:datafield><marc:datafield tag="590" ind1=" " ind2=" "><marc:subfield code="a">Sixteenth century German pigskin binding blind tooled with medallions, allegories and floral borders; remains of 2 clasps; &quot;841.&quot; inscribed at foot of spine and &quot;I. de Voragine Sermones dominical[es] 1484&quot; at head of spine in different inks; edges painted in green; repaired; in a tailored box.</marc:subfield></marc:datafield><marc:datafield tag="650" ind1=" " ind2="0"><marc:subfield code="a">Church year sermons.</marc:subfield></marc:datafield><marc:datafield tag="655" ind1=" " ind2="7"><marc:subfield code="a">Annotations (Provenance)</marc:subfield><marc:subfield code="2">rbprov</marc:subfield></marc:datafield><marc:datafield tag="655" ind1=" " ind2="7"><marc:subfield code="a">Pigskin bindings (Binding)</marc:subfield><marc:subfield code="z">Germany</marc:subfield><marc:subfield code="y">16th century.</marc:subfield><marc:subfield code="2">rbbin</marc:subfield></marc:datafield><marc:datafield tag="740" ind1="0" ind2=" "><marc:subfield code="a">Sermones dominicales per anni circulum predicabiles.</marc:subfield></marc:datafield><marc:datafield tag="740" ind1="0" ind2=" "><marc:subfield code="a">Dominicales per totum annum.</marc:subfield></marc:datafield><marc:datafield tag="740" ind1="0" ind2=" "><marc:subfield code="a">Sermones de tempore.</marc:subfield></marc:datafield><marc:datafield tag="710" ind1="1" ind2=" "><marc:subfield code="a">Steingaden (Germany).</marc:subfield><marc:subfield code="b">Premonstratensians,</marc:subfield><marc:subfield code="e">former owner.</marc:subfield></marc:datafield><marc:datafield tag="700" ind1="1" ind2=" "><marc:subfield code="a">Byirer, Marx,</marc:subfield><marc:subfield code="e">former owner.</marc:subfield></marc:datafield><marc:datafield tag="700" ind1="1" ind2=" "><marc:subfield code="a">Gregory, Charles,</marc:subfield><marc:subfield code="d">fl. 1906,</marc:subfield><marc:subfield code="e">former owner.</marc:subfield></marc:datafield><marc:datafield tag="700" ind1="1" ind2=" "><marc:subfield code="a">Dinckmut, Konrad,</marc:subfield><marc:subfield code="d">fl. 1476-1499,</marc:subfield><marc:subfield code="e">printer.</marc:subfield></marc:datafield><marc:datafield tag="752" ind1="1" ind2="0"><marc:subfield code="d">Ulm.</marc:subfield></marc:datafield><marc:datafield tag="100" ind1="0" ind2=" "><marc:subfield code="a">Jacobus,</marc:subfield><marc:subfield code="c">de Voragine,</marc:subfield><marc:subfield code="d">ca. 1229-1298.</marc:subfield></marc:datafield><marc:datafield tag="856" ind1="4" ind2="1"><marc:subfield code="u">http://luna.folger.edu/luna/servlet/s/zdy07e</marc:subfield><marc:subfield code="z">Binding images and description for Folger Shakespeare Library INC J162</marc:subfield></marc:datafield><marc:datafield tag="950" ind1=" " ind2=" "><marc:subfield code="l">RARE</marc:subfield><marc:subfield code="i">02/23/95 C</marc:subfield></marc:datafield><marc:datafield tag="998" ind1=" " ind2=" "><marc:subfield code="a">02/23/95</marc:subfield><marc:subfield code="t">c</marc:subfield><marc:subfield code="s">9114</marc:subfield><marc:subfield code="n">DFo</marc:subfield><marc:subfield code="w">DCFG95B456</marc:subfield><marc:subfield code="d">02/09/95</marc:subfield><marc:subfield code="c">ML</marc:subfield><marc:subfield code="b">MT</marc:subfield><marc:subfield code="l">DCFG</marc:subfield></marc:datafield></marc:record>