
<marc:record><marc:leader>02746cam a2200445 a 4500</marc:leader>
<marc:controlfield tag="001">89420</marc:controlfield>
<marc:controlfield tag="005">20110119165951.0</marc:controlfield><marc:controlfield tag="008">931215q14771500it            000 0 lat d</marc:controlfield><marc:datafield tag="035" ind1=" " ind2=" "><marc:subfield code="9">DCFG93-B15748</marc:subfield></marc:datafield><marc:datafield tag="040" ind1=" " ind2=" "><marc:subfield code="a">DFo</marc:subfield><marc:subfield code="c">DFo</marc:subfield><marc:subfield code="e">dcrb</marc:subfield></marc:datafield><marc:datafield tag="090" ind1=" " ind2=" "><marc:subfield code="b">INC A1022</marc:subfield><marc:subfield code="t">6̃00</marc:subfield><marc:subfield code="t">7̃00-4</marc:subfield><marc:subfield code="t">7̃40</marc:subfield><marc:subfield code="t">7̃96-1</marc:subfield><marc:subfield code="t">7̃96-2</marc:subfield><marc:subfield code="i">12/22/93 C</marc:subfield></marc:datafield><marc:datafield tag="100" ind1="1" ind2=" "><marc:subfield code="a">Asconius Pedianus, Quintus,</marc:subfield><marc:subfield code="d">9 B.C.-76 A.D.</marc:subfield></marc:datafield><marc:datafield tag="245" ind1="1" ind2="0"><marc:subfield code="a">Commentarii in Orationes Ciceronis.</marc:subfield></marc:datafield><marc:datafield tag="246" ind1="3" ind2="3"><marc:subfield code="a">Inquisitio su[per] xi. orationes Ciceronis</marc:subfield></marc:datafield><marc:datafield tag="260" ind1=" " ind2=" "><marc:subfield code="a">[Venice :</marc:subfield><marc:subfield code="b">Johann von Köln and Johann Manthen,</marc:subfield><marc:subfield code="c">after 2 June 1477]</marc:subfield></marc:datafield><marc:datafield tag="300" ind1=" " ind2=" "><marc:subfield code="a">[368] p. ;</marc:subfield><marc:subfield code="c">31 cm. (fol.)</marc:subfield></marc:datafield><marc:datafield tag="500" ind1=" " ind2=" "><marc:subfield code="a">In 3 pts.</marc:subfield></marc:datafield><marc:datafield tag="590" ind1=" " ind2=" "><marc:subfield code="a">Folger copy imperfect, lacks first 2 pts. (all leaves before leaf [90], including George of Trebizond's De artificio Ciceronianae orationis) and gathering f; includes only Antonio Loschi's Inquisitio super xi. orationes Ciceronis, Sicco Polenton's Argumenta super aliquot orationibus et invectivis Ciceronis and Girolamo Squarciafico's letter to Antonius Serachus, Archbishop of Corinth; 1st leaf of this pt., signed a, blank, lacking. Cf. BM 15th cent. for full description.</marc:subfield></marc:datafield><marc:datafield tag="500" ind1=" " ind2=" "><marc:subfield code="a">Caption title on leaf a2r (3rd pt.): Antonij Luschi Vicentini oratoris clarissimi Inquisitio sup[er] .xi. orationes Ciceronis ad fratrem suum optimum: atq[ue] charissimum Astolfinum de marinonibus.</marc:subfield></marc:datafield><marc:datafield tag="500" ind1=" " ind2=" "><marc:subfield code="a">Edited by Girolamo Squarciafico.</marc:subfield></marc:datafield><marc:datafield tag="500" ind1=" " ind2=" "><marc:subfield code="a">Imprint information from Girolamo Squarciafico's letter (leaves m5v-m6r of 3rd pt.) and colophon of 1st pt. (provided by BM 15th cent.)</marc:subfield></marc:datafield><marc:datafield tag="500" ind1=" " ind2=" "><marc:subfield code="a">Signatures of 3rd pt.: a¹⁰, b⁸, c¹⁰, d-e⁸, f⁶, g-l⁸, m⁶ (i1 signed I).</marc:subfield></marc:datafield><marc:datafield tag="500" ind1=" " ind2=" "><marc:subfield code="a">Capital spaces with guide letters.</marc:subfield></marc:datafield><marc:datafield tag="510" ind1="4" ind2=" "><marc:subfield code="a">Goff</marc:subfield><marc:subfield code="c">A-1154.</marc:subfield></marc:datafield><marc:datafield tag="510" ind1="4" ind2=" "><marc:subfield code="a">BM 15th cent.,</marc:subfield><marc:subfield code="c">V, p. 232 (IB.20303).</marc:subfield></marc:datafield><marc:datafield tag="510" ind1="4" ind2=" "><marc:subfield code="a">GW</marc:subfield><marc:subfield code="c">2739.</marc:subfield></marc:datafield><marc:datafield tag="590" ind1=" " ind2=" "><marc:subfield code="a">Folger copy: a few early manuscript notes in &quot;Orationis Miloniana&quot; from leaves b6r to c1v, affected by trimming of fore-edge.</marc:subfield></marc:datafield><marc:datafield tag="590" ind1=" " ind2=" "><marc:subfield code="a">Bookplate &quot;Syston Park&quot; and monogram label with initials of Sir John H. Thorold (no. 1206 in the Sotheby sale catalog of his library, December 1884); bookplate of W.T. Smedley; purchased in 1924.</marc:subfield></marc:datafield><marc:datafield tag="600" ind1="1" ind2="0"><marc:subfield code="a">Cicero, Marcus Tullius.</marc:subfield><marc:subfield code="t">Speeches.</marc:subfield></marc:datafield><marc:datafield tag="700" ind1="1" ind2=" "><marc:subfield code="a">Squarciafico, Girolamo.</marc:subfield></marc:datafield><marc:datafield tag="700" ind1="1" ind2=" "><marc:subfield code="a">Polenton, Sicco,</marc:subfield><marc:subfield code="d">1375 or 76-ca. 1447.</marc:subfield></marc:datafield><marc:datafield tag="700" ind1="1" ind2=" "><marc:subfield code="a">Loschi, Antonio,</marc:subfield><marc:subfield code="d">d. 1441.</marc:subfield></marc:datafield><marc:datafield tag="710" ind1="2" ind2=" "><marc:subfield code="a">Thorold Family Library,</marc:subfield><marc:subfield code="e">former owner.</marc:subfield></marc:datafield><marc:datafield tag="700" ind1="1" ind2=" "><marc:subfield code="a">Smedley, William T.</marc:subfield><marc:subfield code="q">(William Thomas),</marc:subfield><marc:subfield code="d">b. 1851,</marc:subfield><marc:subfield code="e">former owner.</marc:subfield></marc:datafield><marc:datafield tag="700" ind1="1" ind2=" "><marc:subfield code="a">Manthen, Johann,</marc:subfield><marc:subfield code="d">fl. 1471-1481,</marc:subfield><marc:subfield code="e">printer.</marc:subfield></marc:datafield><marc:datafield tag="752" ind1="1" ind2="0"><marc:subfield code="d">Venice.</marc:subfield></marc:datafield><marc:datafield tag="700" ind1="0" ind2=" "><marc:subfield code="a">George,</marc:subfield><marc:subfield code="c">of Trebizond,</marc:subfield><marc:subfield code="d">1396-1486.</marc:subfield></marc:datafield><marc:datafield tag="700" ind1="0" ind2=" "><marc:subfield code="a">Johann,</marc:subfield><marc:subfield code="c">von Köln,</marc:subfield><marc:subfield code="d">fl. 1471-1491,</marc:subfield><marc:subfield code="e">printer.</marc:subfield></marc:datafield><marc:datafield tag="950" ind1=" " ind2=" "><marc:subfield code="l">RARE</marc:subfield><marc:subfield code="i">12/22/93 C</marc:subfield></marc:datafield><marc:datafield tag="998" ind1=" " ind2=" "><marc:subfield code="a">12/22/93</marc:subfield><marc:subfield code="t">c</marc:subfield><marc:subfield code="s">9114</marc:subfield><marc:subfield code="n">DFo</marc:subfield><marc:subfield code="w">DCFG93B15748</marc:subfield><marc:subfield code="d">12/15/93</marc:subfield><marc:subfield code="c">ML</marc:subfield><marc:subfield code="b">MT</marc:subfield><marc:subfield code="l">DCFG</marc:subfield></marc:datafield></marc:record>