
<marc:record><marc:leader>02785cam a2200481 a 4500</marc:leader>
<marc:controlfield tag="001">89459</marc:controlfield>
<marc:controlfield tag="005">20110119165952.0</marc:controlfield><marc:controlfield tag="008">940105s1491    it            000 0 lat d</marc:controlfield><marc:datafield tag="035" ind1=" " ind2=" "><marc:subfield code="9">DCFG94-B42</marc:subfield></marc:datafield><marc:datafield tag="040" ind1=" " ind2=" "><marc:subfield code="a">DFo</marc:subfield><marc:subfield code="c">DFo</marc:subfield><marc:subfield code="e">dcrb</marc:subfield><marc:subfield code="d">UtOrBLW</marc:subfield></marc:datafield><marc:datafield tag="090" ind1=" " ind2=" "><marc:subfield code="b">INC A1078</marc:subfield><marc:subfield code="f">cs1778</marc:subfield><marc:subfield code="t">6̃00</marc:subfield><marc:subfield code="t">6̃50</marc:subfield><marc:subfield code="t">7̃40</marc:subfield><marc:subfield code="t">7̃96-3</marc:subfield><marc:subfield code="t">7̃97</marc:subfield><marc:subfield code="t">7̃99</marc:subfield><marc:subfield code="i">08/26/94 N</marc:subfield><marc:subfield code="h">08/22/94 N</marc:subfield><marc:subfield code="h">06/27/94 N</marc:subfield><marc:subfield code="h">01/11/94 C</marc:subfield></marc:datafield><marc:datafield tag="240" ind1="1" ind2="0"><marc:subfield code="a">Selections.</marc:subfield><marc:subfield code="f">1491</marc:subfield></marc:datafield><marc:datafield tag="245" ind1="1" ind2="0"><marc:subfield code="a">Aurelii Augustini Opuscula plurima, quedam no[n] plus imp[re]ssa.</marc:subfield></marc:datafield><marc:datafield tag="246" ind1="3" ind2="3"><marc:subfield code="a">Opuscula plurima, quedam no[n] plus imp[re]ssa</marc:subfield></marc:datafield><marc:datafield tag="260" ind1=" " ind2=" "><marc:subfield code="a">[Venice] :</marc:subfield><marc:subfield code="b">I[m]pe[n]sis [et] op[er]a Dionysij Bertochi de Bolonia Venetie accuratissime i[m]presso[rum] ...,</marc:subfield><marc:subfield code="c">anno a Natiuitate Saluatoris nostris, 1491, die xxvj. Martij.</marc:subfield></marc:datafield><marc:datafield tag="300" ind1=" " ind2=" "><marc:subfield code="a">[10], cccxxxviij, [2] leaves ;</marc:subfield><marc:subfield code="c">24 cm. (4to)</marc:subfield></marc:datafield><marc:datafield tag="500" ind1=" " ind2=" "><marc:subfield code="a">Reprinted from Flach's Strasbourg ed. of 1489. Cf. BM 15th cent. for contents.</marc:subfield></marc:datafield><marc:datafield tag="500" ind1=" " ind2=" "><marc:subfield code="a">Caption title on leaf b1r: Meditationes diui Augustini episcopi hipponensis ...</marc:subfield></marc:datafield><marc:datafield tag="500" ind1=" " ind2=" "><marc:subfield code="a">Imprint from colophon (leaf S4v), which reads: Eiusdem ... aurelij Augustini Hipponensis ... plurimorum opusculo[rum] necnon vite ei[us] a Possidonio [con]scripte: ĩpẽsis [et] op[er]a Dionysij Bertochi de Bolonia Venetie accuratissime ĩpresso[rum]. finis Anno a natiuitate saluatoris nostris. M.CCCC.XCJ. die. xxvj. Martij.</marc:subfield></marc:datafield><marc:datafield tag="500" ind1=" " ind2=" "><marc:subfield code="a">Signatures: a¹⁰, b-z⁸, [et]⁸, [con]⁸, [rum]⁸, A⁸, B⁶, C-R⁸, S⁶ (x1 signed r).</marc:subfield></marc:datafield><marc:datafield tag="500" ind1=" " ind2=" "><marc:subfield code="a">Printed in 2 columns.</marc:subfield></marc:datafield><marc:datafield tag="500" ind1=" " ind2=" "><marc:subfield code="a">Capital spaces, mostly with guide letters.</marc:subfield></marc:datafield><marc:datafield tag="500" ind1=" " ind2=" "><marc:subfield code="a">Leaf b1r printed in red and black.</marc:subfield></marc:datafield><marc:datafield tag="500" ind1=" " ind2=" "><marc:subfield code="a">Leaves a10 and S6 are blank.</marc:subfield></marc:datafield><marc:datafield tag="500" ind1=" " ind2=" "><marc:subfield code="a">Includes register (leaf S5).</marc:subfield></marc:datafield><marc:datafield tag="510" ind1="4" ind2=" "><marc:subfield code="a">Goff</marc:subfield><marc:subfield code="c">A-1219.</marc:subfield></marc:datafield><marc:datafield tag="510" ind1="4" ind2=" "><marc:subfield code="a">BM 15th cent.,</marc:subfield><marc:subfield code="c">V, p. 488 (IB.23589).</marc:subfield></marc:datafield><marc:datafield tag="510" ind1="4" ind2=" "><marc:subfield code="a">GW</marc:subfield><marc:subfield code="c">2866.</marc:subfield></marc:datafield><marc:datafield tag="590" ind1=" " ind2=" "><marc:subfield code="a">Folger copy: leaves a10 and S6, blank, lacking; t.p. torn, affecting ownership inscription.</marc:subfield></marc:datafield><marc:datafield tag="590" ind1=" " ind2=" "><marc:subfield code="a">Early manuscript notes, fists, and brackets.</marc:subfield></marc:datafield><marc:datafield tag="590" ind1=" " ind2=" "><marc:subfield code="a">Inscription on t.p. defaced, illegible; handwritten shelf mark &quot;7162&quot; on front free endpaper.</marc:subfield></marc:datafield><marc:datafield tag="590" ind1=" " ind2=" "><marc:subfield code="a">Bookplate &quot;William John Belt, Bossall Hall&quot;; John Norman Collie copy (no. 346 in the Sotheby sale catalog of his library, March 1928); purchased in 1928.</marc:subfield></marc:datafield><marc:datafield tag="590" ind1=" " ind2=" "><marc:subfield code="a">Repaired; rebound; in a tailored box.</marc:subfield></marc:datafield><marc:datafield tag="650" ind1=" " ind2="0"><marc:subfield code="a">Christian life</marc:subfield><marc:subfield code="x">History</marc:subfield><marc:subfield code="y">Early church, ca. 30-600.</marc:subfield></marc:datafield><marc:datafield tag="655" ind1=" " ind2="7"><marc:subfield code="a">Annotations (Provenance)</marc:subfield><marc:subfield code="2">rbprov</marc:subfield></marc:datafield><marc:datafield tag="700" ind1="1" ind2=" "><marc:subfield code="a">Belt, William John,</marc:subfield><marc:subfield code="e">former owner.</marc:subfield></marc:datafield><marc:datafield tag="700" ind1="1" ind2=" "><marc:subfield code="a">Collie, Norman,</marc:subfield><marc:subfield code="d">1859-1942,</marc:subfield><marc:subfield code="e">former owner.</marc:subfield></marc:datafield><marc:datafield tag="700" ind1="1" ind2=" "><marc:subfield code="a">Bertochus, Dionysius,</marc:subfield><marc:subfield code="d">15th cent,</marc:subfield><marc:subfield code="e">printer.</marc:subfield></marc:datafield><marc:datafield tag="752" ind1=" " ind2=" "><marc:subfield code="a">Italy</marc:subfield><marc:subfield code="d">Venice.</marc:subfield></marc:datafield><marc:datafield tag="100" ind1="0" ind2=" "><marc:subfield code="a">Augustine,</marc:subfield><marc:subfield code="c">Saint, Bishop of Hippo.</marc:subfield></marc:datafield><marc:datafield tag="600" ind1="0" ind2="0"><marc:subfield code="a">Augustine,</marc:subfield><marc:subfield code="c">Saint, Bishop of Hippo.</marc:subfield></marc:datafield><marc:datafield tag="950" ind1=" " ind2=" "><marc:subfield code="l">RARE</marc:subfield><marc:subfield code="e">copy 2</marc:subfield><marc:subfield code="h">01/11/94 C</marc:subfield></marc:datafield><marc:datafield tag="998" ind1=" " ind2=" "><marc:subfield code="a">08/26/94</marc:subfield><marc:subfield code="t">c</marc:subfield><marc:subfield code="s">9114</marc:subfield><marc:subfield code="n">DFo</marc:subfield><marc:subfield code="w">DCFG94B41</marc:subfield><marc:subfield code="d">01/05/94</marc:subfield><marc:subfield code="c">ML</marc:subfield><marc:subfield code="b">MT</marc:subfield><marc:subfield code="l">DCFG</marc:subfield></marc:datafield></marc:record>