
<marc:record><marc:leader>02743cam a2200457 a 4500</marc:leader>
<marc:controlfield tag="001">89676</marc:controlfield>
<marc:controlfield tag="005">20110119165958.0</marc:controlfield><marc:controlfield tag="008">940322s1481    it            000 0 lat d</marc:controlfield><marc:datafield tag="035" ind1=" " ind2=" "><marc:subfield code="9">DCFG94-B1417</marc:subfield></marc:datafield><marc:datafield tag="040" ind1=" " ind2=" "><marc:subfield code="a">DFo</marc:subfield><marc:subfield code="c">DFo</marc:subfield><marc:subfield code="e">dcrb</marc:subfield><marc:subfield code="d">UtOrBLW</marc:subfield></marc:datafield><marc:datafield tag="090" ind1=" " ind2=" "><marc:subfield code="b">INC B252</marc:subfield><marc:subfield code="f">cs947</marc:subfield><marc:subfield code="t">6̃00</marc:subfield><marc:subfield code="t">6̃50</marc:subfield><marc:subfield code="i">04/15/94 C</marc:subfield></marc:datafield><marc:datafield tag="240" ind1="1" ind2="0"><marc:subfield code="a">Rosarium decretorum</marc:subfield></marc:datafield><marc:datafield tag="245" ind1="1" ind2="0"><marc:subfield code="a">Francisci Moneliensis de Genua in Archidiaconum super Decretis a se castigatum Epistola.</marc:subfield></marc:datafield><marc:datafield tag="260" ind1=" " ind2=" "><marc:subfield code="a">[Venice] :</marc:subfield><marc:subfield code="b">Exactum insigne hoc at[que] p[rae]claru[m] opus ductu auspitijs optimo[rum] Ioannis de Colonia, Nicolai Ienson socioru[mq]ue ... huiusce aut[em] operis artifex extitit su[m]mus in hac arte mgr̃ Ioa[n]nes de Selgenstat Aleman[us] ...,</marc:subfield><marc:subfield code="c">anno uero millesimo cccc. lxxxj. tertias Nonas Apriles [3 Apr. 1481]</marc:subfield></marc:datafield><marc:datafield tag="300" ind1=" " ind2=" "><marc:subfield code="a">[832] p. ;</marc:subfield><marc:subfield code="c">33 cm. (fol.)</marc:subfield></marc:datafield><marc:datafield tag="500" ind1=" " ind2=" "><marc:subfield code="a">Title from editor's letter (leaf a1v).</marc:subfield></marc:datafield><marc:datafield tag="500" ind1=" " ind2=" "><marc:subfield code="a">Imprint from colophon (leaf 2s4v).</marc:subfield></marc:datafield><marc:datafield tag="500" ind1=" " ind2=" "><marc:subfield code="a">Signatures: a¹⁰, b⁸, c-d¹⁰, [delta]⁸, e-l⁸, m-n⁶, o-u⁸, v⁸, x⁸, y¹⁰, z⁸, [et]⁸, [con]¹⁰, [rum]⁸, 2a⁸, 2b-2c¹⁰, 2d⁸, 2[delta]⁸, 2e-g¹⁰, 3g⁸, 2h⁸, 3h⁸, 2i¹⁰, 2k-2m⁸, 2n-2q¹⁰, 2r⁸, 2s⁶.</marc:subfield></marc:datafield><marc:datafield tag="500" ind1=" " ind2=" "><marc:subfield code="a">Printed in 2 columns.</marc:subfield></marc:datafield><marc:datafield tag="500" ind1=" " ind2=" "><marc:subfield code="a">Capital spaces.</marc:subfield></marc:datafield><marc:datafield tag="500" ind1=" " ind2=" "><marc:subfield code="a">Includes register.</marc:subfield></marc:datafield><marc:datafield tag="500" ind1=" " ind2=" "><marc:subfield code="a">Leaf 2s6 is blank.</marc:subfield></marc:datafield><marc:datafield tag="510" ind1="4" ind2=" "><marc:subfield code="a">Goff</marc:subfield><marc:subfield code="c">B-288.</marc:subfield></marc:datafield><marc:datafield tag="510" ind1="4" ind2=" "><marc:subfield code="a">BM 15th cent.,</marc:subfield><marc:subfield code="c">V, p. 301 (IC.21539).</marc:subfield></marc:datafield><marc:datafield tag="510" ind1="4" ind2=" "><marc:subfield code="a">GW</marc:subfield><marc:subfield code="c">3747.</marc:subfield></marc:datafield><marc:datafield tag="590" ind1=" " ind2=" "><marc:subfield code="a">Folger copy: leaves a1 and 2s6 (the last blank) lacking (title from editor's letter on verso of first leaf, provided from BM 15th cent.); top edge cropped, affecting manuscript numbering on some leaves.</marc:subfield></marc:datafield><marc:datafield tag="590" ind1=" " ind2=" "><marc:subfield code="a">Some early manuscript notes, brackets and fists in brown ink; manuscript numbering of &quot;Distinctiones&quot; and &quot;Questiones&quot; in upper right corner of recto of each leaf.</marc:subfield></marc:datafield><marc:datafield tag="590" ind1=" " ind2=" "><marc:subfield code="a">Inscription on leaf a2r, partially illegible &quot;Ad usum Fris Archangelj [...?] et p[er]tinet loco Alg[...?]&quot;; another inscription below colophon, defaced, illegible.</marc:subfield></marc:datafield><marc:datafield tag="590" ind1=" " ind2=" "><marc:subfield code="a">Some mold stain on a few gatherings at end of book; last leaves have been repaired; leaf 2s5, torn, has been pasted on endpaper; rebound.</marc:subfield></marc:datafield><marc:datafield tag="590" ind1=" " ind2=" "><marc:subfield code="a">Loosely inserted: leaf from a later small format missal, probably used as a bookmark.</marc:subfield></marc:datafield><marc:datafield tag="650" ind1=" " ind2="0"><marc:subfield code="a">Canon law.</marc:subfield></marc:datafield><marc:datafield tag="655" ind1=" " ind2="7"><marc:subfield code="a">Annotations (Provenance)</marc:subfield><marc:subfield code="2">rbprov</marc:subfield></marc:datafield><marc:datafield tag="700" ind1="0" ind2=" "><marc:subfield code="a">Franciscus Moneliensis.</marc:subfield></marc:datafield><marc:datafield tag="700" ind1="1" ind2=" "><marc:subfield code="a">Jenson, Nicolas,</marc:subfield><marc:subfield code="d">ca. 1420-1480,</marc:subfield><marc:subfield code="e">printer.</marc:subfield></marc:datafield><marc:datafield tag="700" ind1="1" ind2=" "><marc:subfield code="a">Herbort, Johann,</marc:subfield><marc:subfield code="d">fl. 1475-1485,</marc:subfield><marc:subfield code="e">printer.</marc:subfield></marc:datafield><marc:datafield tag="752" ind1="1" ind2="0"><marc:subfield code="d">Venice.</marc:subfield></marc:datafield><marc:datafield tag="100" ind1="0" ind2=" "><marc:subfield code="a">Guido,</marc:subfield><marc:subfield code="c">de Baysio,</marc:subfield><marc:subfield code="d">d. 1313.</marc:subfield></marc:datafield><marc:datafield tag="600" ind1="0" ind2="0"><marc:subfield code="a">Gratian,</marc:subfield><marc:subfield code="d">12th cent.</marc:subfield><marc:subfield code="t">Decretum.</marc:subfield></marc:datafield><marc:datafield tag="700" ind1="0" ind2=" "><marc:subfield code="a">Johann,</marc:subfield><marc:subfield code="c">von Köln,</marc:subfield><marc:subfield code="d">fl. 1471-1491,</marc:subfield><marc:subfield code="e">printer.</marc:subfield></marc:datafield><marc:datafield tag="950" ind1=" " ind2=" "><marc:subfield code="l">RARE</marc:subfield><marc:subfield code="i">04/15/94 C</marc:subfield></marc:datafield><marc:datafield tag="998" ind1=" " ind2=" "><marc:subfield code="a">04/15/94</marc:subfield><marc:subfield code="t">c</marc:subfield><marc:subfield code="s">9114</marc:subfield><marc:subfield code="n">DFo</marc:subfield><marc:subfield code="w">DCFG94B1417</marc:subfield><marc:subfield code="d">03/22/94</marc:subfield><marc:subfield code="c">ML</marc:subfield><marc:subfield code="b">MT</marc:subfield><marc:subfield code="l">DCFG</marc:subfield></marc:datafield></marc:record>