
<marc:record><marc:leader>04113cam a2200529 a 4500</marc:leader>
<marc:controlfield tag="001">90008</marc:controlfield>
<marc:controlfield tag="005">20110119170016.0</marc:controlfield><marc:controlfield tag="008">940923s1490    it            001 0 lat d</marc:controlfield><marc:datafield tag="035" ind1=" " ind2=" "><marc:subfield code="9">DCFG94-B3066</marc:subfield></marc:datafield><marc:datafield tag="040" ind1=" " ind2=" "><marc:subfield code="a">DFo</marc:subfield><marc:subfield code="c">DFo</marc:subfield><marc:subfield code="e">dcrb</marc:subfield><marc:subfield code="d">UtOrBLW</marc:subfield></marc:datafield><marc:datafield tag="090" ind1=" " ind2=" "><marc:subfield code="b">INC D309</marc:subfield><marc:subfield code="n">:sl Folger has pts. 1-4 only in 4 v.</marc:subfield><marc:subfield code="f">cs150</marc:subfield><marc:subfield code="t">6̃00</marc:subfield><marc:subfield code="t">7̃00-2</marc:subfield><marc:subfield code="t">7̃40</marc:subfield><marc:subfield code="i">09/29/94 C</marc:subfield></marc:datafield><marc:datafield tag="100" ind1="1" ind2=" "><marc:subfield code="a">Duns Scotus, John,</marc:subfield><marc:subfield code="d">ca. 1266-1308.</marc:subfield></marc:datafield><marc:datafield tag="240" ind1="1" ind2="0"><marc:subfield code="a">Ordinatio</marc:subfield></marc:datafield><marc:datafield tag="245" ind1="1" ind2="0"><marc:subfield code="a">Primus [-quartus] Sententiarum doctoris subtilis Scoti.</marc:subfield></marc:datafield><marc:datafield tag="246" ind1="3" ind2="3"><marc:subfield code="a">Sententiarum libri IV</marc:subfield></marc:datafield><marc:datafield tag="260" ind1=" " ind2=" "><marc:subfield code="a">[Venice] :</marc:subfield><marc:subfield code="b">Expensa [et] i[n]dustria solertis Bernardini de Nouaria impressus Venetiis,</marc:subfield><marc:subfield code="c">anno Domini 1490, die 3o mensis Noue[m]bris [3 Nov.] ...</marc:subfield></marc:datafield><marc:datafield tag="300" ind1=" " ind2=" "><marc:subfield code="a">5 pts. (184 [i.e. 185], [1] leaves; 136 leaves; 102 leaves; 208 leaves; 28 leaves) ;</marc:subfield><marc:subfield code="c">30 and 32 cm. (fol.)</marc:subfield></marc:datafield><marc:datafield tag="590" ind1=" " ind2=" "><marc:subfield code="a">Folger copy does not include pt. V with table (description from GW and BM 15th cent.)</marc:subfield></marc:datafield><marc:datafield tag="590" ind1=" " ind2=" "><marc:subfield code="a">Leaf 2r7v (column 2, lines 29-30) in pt. II reads: aliquid fa- / deo reuelante valeamus.</marc:subfield></marc:datafield><marc:datafield tag="500" ind1=" " ind2=" "><marc:subfield code="a">Includes the text of Peter Lombard.</marc:subfield></marc:datafield><marc:datafield tag="500" ind1=" " ind2=" "><marc:subfield code="a">Edited by Gratianus Brixianus.</marc:subfield></marc:datafield><marc:datafield tag="500" ind1=" " ind2=" "><marc:subfield code="a">Imprint from colophon of pt. IV (leaf 2[rum]8r); colophons of other pts. are dated: pt. I: 17 July 1490; pt. II: 3 Mar. 1490; pt. III: 21 Apr. 1490; pt. V is not dated.</marc:subfield></marc:datafield><marc:datafield tag="500" ind1=" " ind2=" "><marc:subfield code="a">Signatures: a-y⁸, z¹⁰; 2a-2r⁸; A-M⁸, N⁶; 2A-2Z⁸, 2[et]⁸, 2[con]⁸, 2[rum]⁸; [1-4]⁸, [5-8]⁸, [9-11]⁶, [12-14]⁶ (leaf 2L4 of pt. IV, signed 2L3).</marc:subfield></marc:datafield><marc:datafield tag="500" ind1=" " ind2=" "><marc:subfield code="a">Printed in 2 columns with marginalia.</marc:subfield></marc:datafield><marc:datafield tag="500" ind1=" " ind2=" "><marc:subfield code="a">Leaves 184-185 misnumbered 183-184 in pt. I.</marc:subfield></marc:datafield><marc:datafield tag="500" ind1=" " ind2=" "><marc:subfield code="a">Last leaf at end of pt. I is blank.</marc:subfield></marc:datafield><marc:datafield tag="500" ind1=" " ind2=" "><marc:subfield code="a">Capital spaces, mostly with guide letters.</marc:subfield></marc:datafield><marc:datafield tag="500" ind1=" " ind2=" "><marc:subfield code="a">Pt. II includes diagrams.</marc:subfield></marc:datafield><marc:datafield tag="500" ind1=" " ind2=" "><marc:subfield code="a">Pts. I-IV include registers.</marc:subfield></marc:datafield><marc:datafield tag="510" ind1="4" ind2=" "><marc:subfield code="a">Goff</marc:subfield><marc:subfield code="c">D-382.</marc:subfield></marc:datafield><marc:datafield tag="510" ind1="4" ind2=" "><marc:subfield code="a">BM 15th cent.,</marc:subfield><marc:subfield code="c">V, p. 401 (IB.22635, IB.22636), and XII, p. 29 (IB.22637, IB.22639).</marc:subfield></marc:datafield><marc:datafield tag="510" ind1="4" ind2=" "><marc:subfield code="a">GW</marc:subfield><marc:subfield code="c">9076.</marc:subfield></marc:datafield><marc:datafield tag="590" ind1=" " ind2=" "><marc:subfield code="a">Folger copy: the 4 vols. now bound separately in a recent uniform green paper have been brought together at a late date, vols. I and IV, and vols. II and III respectively bearing different marks of provenance; vols. I and IV are smaller in height and width from trimming of the edges.</marc:subfield></marc:datafield><marc:datafield tag="590" ind1=" " ind2=" "><marc:subfield code="a">Manuscript notes affected by trimming of edges in vols. I and IV.</marc:subfield></marc:datafield><marc:datafield tag="590" ind1=" " ind2=" "><marc:subfield code="a">Early manuscript notes in brown ink in different hands in vol. I with underlining and many corrections in commentary; vols. II and III bear many annotations in brown and red inks in other hands, with fists, brackets, numerous corrections in commentary, and the addition of some punctuation.</marc:subfield></marc:datafield><marc:datafield tag="590" ind1=" " ind2=" "><marc:subfield code="a">Ownership inscriptions in vol. II: &quot;F. Iacobi à Ganio [or Garrio?]&quot; on t.p.; and &quot;Domus Profess[a]e Scholar[um] Piar[um] Genu[a]e ex charitate&quot; with stamp &quot;Libraria de P.P. de Scole Pie&quot; on leaf 2a2r (vols. II and III bear respectively numbers &quot;2&quot; and &quot;3&quot; in brown ink on fore-edge, reading from top to lower edge); vols. I and IV bear partial inscriptions &quot;Capuccini&quot; on lower edge and &quot;Concep. Gen.&quot; on top edge, showing evidence of being previously bound at front and back of other vols., probably with pts. II and III; inscription on t.p. of pt. I &quot;Non amoueatur sub pena excomunicat[ion]is&quot; (from a Capuchin monastery or the Capuchin Province of Genoa?); purchased in 1903.</marc:subfield></marc:datafield><marc:datafield tag="590" ind1=" " ind2=" "><marc:subfield code="a">Book label with inscription &quot;Concord. Biblior[um]&quot; loosely inserted in vol. IV; mold stains in vols. II and III (these 2 vols. bound at the same time using acidic adhesive, are now repaired).</marc:subfield></marc:datafield><marc:datafield tag="600" ind1="0" ind2="0"><marc:subfield code="a">Peter Lombard,</marc:subfield><marc:subfield code="c">Bishop of Paris,</marc:subfield><marc:subfield code="d">ca. 1100-1160.</marc:subfield><marc:subfield code="t">Sententiarum libri IV.</marc:subfield></marc:datafield><marc:datafield tag="655" ind1=" " ind2="7"><marc:subfield code="a">Annotations (Provenance)</marc:subfield><marc:subfield code="2">rbprov</marc:subfield></marc:datafield><marc:datafield tag="700" ind1="0" ind2="2"><marc:subfield code="a">Peter Lombard,</marc:subfield><marc:subfield code="c">Bishop of Paris,</marc:subfield><marc:subfield code="d">ca. 1100-1160.</marc:subfield><marc:subfield code="t">Sententiarum libri IV.</marc:subfield><marc:subfield code="f">1490.</marc:subfield></marc:datafield><marc:datafield tag="710" ind1="2" ind2=" "><marc:subfield code="a">Domus professa Scholarum Piarum Genuae,</marc:subfield><marc:subfield code="e">former owner.</marc:subfield></marc:datafield><marc:datafield tag="700" ind1="1" ind2=" "><marc:subfield code="a">Rizzo, Bernardino,</marc:subfield><marc:subfield code="d">fl. 1481-1492,</marc:subfield><marc:subfield code="e">printer.</marc:subfield></marc:datafield><marc:datafield tag="752" ind1="1" ind2="0"><marc:subfield code="d">Venice.</marc:subfield></marc:datafield><marc:datafield tag="700" ind1="0" ind2=" "><marc:subfield code="a">Gratianus,</marc:subfield><marc:subfield code="c">Brixianus,</marc:subfield><marc:subfield code="d">d. 1506.</marc:subfield></marc:datafield><marc:datafield tag="700" ind1="1" ind2=" "><marc:subfield code="a">Jacobus,</marc:subfield><marc:subfield code="c">à Ganio,</marc:subfield><marc:subfield code="e">former owner.</marc:subfield></marc:datafield><marc:datafield tag="950" ind1=" " ind2=" "><marc:subfield code="l">RARE</marc:subfield><marc:subfield code="i">09/29/94 C</marc:subfield></marc:datafield><marc:datafield tag="998" ind1=" " ind2=" "><marc:subfield code="a">09/29/94</marc:subfield><marc:subfield code="t">c</marc:subfield><marc:subfield code="s">9114</marc:subfield><marc:subfield code="n">DFo</marc:subfield><marc:subfield code="w">DCFG94B3066</marc:subfield><marc:subfield code="d">09/23/94</marc:subfield><marc:subfield code="c">ML</marc:subfield><marc:subfield code="b">MT</marc:subfield><marc:subfield code="l">DCFG</marc:subfield></marc:datafield></marc:record>