
<marc:record><marc:leader>02740cam a2200433 a 4500</marc:leader>
<marc:controlfield tag="001">89662</marc:controlfield>
<marc:controlfield tag="005">20110119165957.0</marc:controlfield><marc:controlfield tag="008">940317q14861488it            000 0 lat d</marc:controlfield><marc:datafield tag="035" ind1=" " ind2=" "><marc:subfield code="9">DCFG94-B1318</marc:subfield></marc:datafield><marc:datafield tag="040" ind1=" " ind2=" "><marc:subfield code="a">DFo</marc:subfield><marc:subfield code="c">DFo</marc:subfield><marc:subfield code="e">dcrb</marc:subfield><marc:subfield code="d">UtOrBLW</marc:subfield></marc:datafield><marc:datafield tag="090" ind1=" " ind2=" "><marc:subfield code="b">INC D4</marc:subfield><marc:subfield code="f">cs2023</marc:subfield><marc:subfield code="t">6̃50</marc:subfield><marc:subfield code="t">7̃40</marc:subfield><marc:subfield code="i">02/26/96 N</marc:subfield><marc:subfield code="h">03/28/94 C</marc:subfield></marc:datafield><marc:datafield tag="100" ind1="1" ind2=" "><marc:subfield code="a">Dandolo, Fantin,</marc:subfield><marc:subfield code="d">1379?-1459.</marc:subfield></marc:datafield><marc:datafield tag="240" ind1="1" ind2="0"><marc:subfield code="a">Compendium Catholicae fidei</marc:subfield></marc:datafield><marc:datafield tag="245" ind1="1" ind2="0"><marc:subfield code="a">Incipit Compendium Reuerendissimi in [Christ]o Patris [et] D. Domini Fa[n]tini Da[n]dulo Archiepiscopi Cretens[is] pro Catholice fidei instructione :</marc:subfield><marc:subfield code="b">breue ac vtile clericis, [et] maxime presbyteris pro animarum salute circa eorum subditos.</marc:subfield></marc:datafield><marc:datafield tag="260" ind1=" " ind2=" "><marc:subfield code="a">[Venice :</marc:subfield><marc:subfield code="b">Rainaldus de Novimagio,</marc:subfield><marc:subfield code="c">between 1486 and 1488?]</marc:subfield></marc:datafield><marc:datafield tag="300" ind1=" " ind2=" "><marc:subfield code="a">16 leaves ;</marc:subfield><marc:subfield code="c">21 cm. (4to)</marc:subfield></marc:datafield><marc:datafield tag="500" ind1=" " ind2=" "><marc:subfield code="a">Title from incipit (leaf [a]2r).</marc:subfield></marc:datafield><marc:datafield tag="500" ind1=" " ind2=" "><marc:subfield code="a">Imprint from Goff.</marc:subfield></marc:datafield><marc:datafield tag="500" ind1=" " ind2=" "><marc:subfield code="a">Signatures: [a-b]⁸.</marc:subfield></marc:datafield><marc:datafield tag="500" ind1=" " ind2=" "><marc:subfield code="a">Printed in 2 columns.</marc:subfield></marc:datafield><marc:datafield tag="500" ind1=" " ind2=" "><marc:subfield code="a">Foliation appears at the usual place of the signatures, at the foot of the page.</marc:subfield></marc:datafield><marc:datafield tag="500" ind1=" " ind2=" "><marc:subfield code="a">Capital spaces.</marc:subfield></marc:datafield><marc:datafield tag="510" ind1="4" ind2=" "><marc:subfield code="a">Goff</marc:subfield><marc:subfield code="c">D-4.</marc:subfield></marc:datafield><marc:datafield tag="510" ind1="4" ind2=" "><marc:subfield code="a">BM 15th cent.,</marc:subfield><marc:subfield code="c">V, p. 258 (IA.20692).</marc:subfield></marc:datafield><marc:datafield tag="510" ind1="4" ind2=" "><marc:subfield code="a">GW</marc:subfield><marc:subfield code="c">7903.</marc:subfield></marc:datafield><marc:datafield tag="590" ind1=" " ind2=" "><marc:subfield code="a">Folger copy: initials provided in red and blue, alternating irregularly; capital strokes and paragraph marks in red; some yellow in table of contents, capitals and paragraph headings, ending on leaf 12.</marc:subfield></marc:datafield><marc:datafield tag="590" ind1=" " ind2=" "><marc:subfield code="a">Extensive manuscript notes on front flyleaf (in parchment), leaf [a]1, in bottom margins of text, and verso of last leaf, continuing on the other item bound in this volume, about adultery, sins and cures.</marc:subfield></marc:datafield><marc:datafield tag="590" ind1=" " ind2=" "><marc:subfield code="a">Inscription &quot;Pro loco Cazimiriensj&quot; [for Kazimierz?] in head margin of leaf [a]2r, repeated in bottom margin (partially defaced) followed by inscription &quot;Fr[ater] Iacob[us] Comissari[us]&quot;; another earlier inscription in head margin, illegible, under the first one; the bottom margin had been covered with a slip of paper, now removed.</marc:subfield></marc:datafield><marc:datafield tag="590" ind1=" " ind2=" "><marc:subfield code="a">Vellum guards inside of gatherings; leather finding tabs; 2 indentations on fore-edge of text show evidence of clasps from previous binding; rebound in limp vellum.</marc:subfield></marc:datafield><marc:datafield tag="590" ind1=" " ind2=" "><marc:subfield code="a">Purchased in 1918.</marc:subfield></marc:datafield><marc:datafield tag="590" ind1=" " ind2=" "><marc:subfield code="a">With: Bartholomaeus, de Chaimis. Interrogatorium, siue, Confessionale ... Impressu[m] Venetijs : Per Reynaldu[m] de Nouimagio Teoteutonicu[m], anno Salutis 1486, adi 28 Septembris.</marc:subfield></marc:datafield><marc:datafield tag="650" ind1=" " ind2="0"><marc:subfield code="a">Christian life.</marc:subfield></marc:datafield><marc:datafield tag="655" ind1=" " ind2="7"><marc:subfield code="a">Annotations (Provenance)</marc:subfield><marc:subfield code="2">rbprov</marc:subfield></marc:datafield><marc:datafield tag="740" ind1="0" ind2=" "><marc:subfield code="a">Compendium ... pro Catholice fidei instructione.</marc:subfield></marc:datafield><marc:datafield tag="710" ind1="1" ind2=" "><marc:subfield code="a">Kazimierz (Poland).</marc:subfield><marc:subfield code="b">Monastery,</marc:subfield><marc:subfield code="e">former owner.</marc:subfield></marc:datafield><marc:datafield tag="752" ind1="1" ind2="0"><marc:subfield code="d">Venice.</marc:subfield></marc:datafield><marc:datafield tag="700" ind1="0" ind2=" "><marc:subfield code="a">Rainaldus,</marc:subfield><marc:subfield code="c">de Novimagio,</marc:subfield><marc:subfield code="d">fl. 1476-1496,</marc:subfield><marc:subfield code="e">printer.</marc:subfield></marc:datafield><marc:datafield tag="950" ind1=" " ind2=" "><marc:subfield code="l">RARE</marc:subfield><marc:subfield code="h">03/28/94 C</marc:subfield></marc:datafield><marc:datafield tag="998" ind1=" " ind2=" "><marc:subfield code="a">02/26/96</marc:subfield><marc:subfield code="t">c</marc:subfield><marc:subfield code="s">9114</marc:subfield><marc:subfield code="n">DFo</marc:subfield><marc:subfield code="w">DCFG94B1318</marc:subfield><marc:subfield code="d">03/17/94</marc:subfield><marc:subfield code="c">ML</marc:subfield><marc:subfield code="b">MT</marc:subfield><marc:subfield code="l">DCFG</marc:subfield></marc:datafield></marc:record>