
<marc:record><marc:leader>04493cam a2200613 a 4500</marc:leader>
<marc:controlfield tag="001">90023</marc:controlfield>
<marc:controlfield tag="005">20120822101016.0</marc:controlfield><marc:controlfield tag="008">941005s1482    it a          000 0 lat d</marc:controlfield><marc:datafield tag="035" ind1=" " ind2=" "><marc:subfield code="9">DCFG94-B3135</marc:subfield></marc:datafield><marc:datafield tag="040" ind1=" " ind2=" "><marc:subfield code="a">DFo</marc:subfield><marc:subfield code="c">DFo</marc:subfield><marc:subfield code="e">dcrb</marc:subfield><marc:subfield code="d">UtOrBLW</marc:subfield></marc:datafield><marc:datafield tag="041" ind1="1" ind2=" "><marc:subfield code="a">lat</marc:subfield><marc:subfield code="h">aragrc</marc:subfield></marc:datafield><marc:datafield tag="090" ind1=" " ind2=" "><marc:subfield code="b">INC E86</marc:subfield><marc:subfield code="t">6̃50</marc:subfield><marc:subfield code="t">6̃90-2</marc:subfield><marc:subfield code="t">6̃90-3</marc:subfield><marc:subfield code="t">7̃40</marc:subfield><marc:subfield code="t">7̃96-1</marc:subfield><marc:subfield code="t">7̃96-2</marc:subfield><marc:subfield code="i">10/14/94 C</marc:subfield></marc:datafield><marc:datafield tag="240" ind1="1" ind2="0"><marc:subfield code="a">Elements.</marc:subfield><marc:subfield code="l">Latin</marc:subfield></marc:datafield><marc:datafield tag="245" ind1="1" ind2="0"><marc:subfield code="a">Preclarissimus liber elementorum Euclidis perspicacissimi, in artem geometrie incipit qua[m]foelicissime.</marc:subfield></marc:datafield><marc:datafield tag="246" ind1="3" ind2="3"><marc:subfield code="a">Elementa geometriae</marc:subfield></marc:datafield><marc:datafield tag="260" ind1=" " ind2=" "><marc:subfield code="a">[Venice] :</marc:subfield><marc:subfield code="b">Erhardus Ratdolt Augustensis impressor solertissimus Venetijs impressit,</marc:subfield><marc:subfield code="c">anno Salutis 1482 octauis Calen[darum] Iun[ij] [25 May]</marc:subfield></marc:datafield><marc:datafield tag="300" ind1=" " ind2=" "><marc:subfield code="a">[276] p. (the last [2] p. blank) :</marc:subfield><marc:subfield code="b">ill. (woodcuts) ;</marc:subfield><marc:subfield code="c">30 cm. (fol.)</marc:subfield></marc:datafield><marc:datafield tag="500" ind1=" " ind2=" "><marc:subfield code="a">Title from incipit in red (leaf a2r).</marc:subfield></marc:datafield><marc:datafield tag="500" ind1=" " ind2=" "><marc:subfield code="a">Also published on vellum and illuminated. Variations in the incipit, dedication, headlines in the first signature, etc. are recorded, issued with the same colophon.</marc:subfield></marc:datafield><marc:datafield tag="500" ind1=" " ind2=" "><marc:subfield code="a">Translated from Arabic by Adelard of Bath; edited by Campano da Novara. While books I-XIII are Euclid's (cf. Th. Heath. The thirteen books of Euclid's Elements. 1956, v.3, p. 519), Book XIV is a work of the 2d cent. by Hypsicles and book XV the work of a Roman land-surveyor of the 6th century. For a discussion by B.L. van der Waerden of Euclid's sources see Enc. Brit., 15th ed.,  Micro. IV, p 589.</marc:subfield></marc:datafield><marc:datafield tag="500" ind1=" " ind2=" "><marc:subfield code="a">With dedicatory letter by Erhard Ratdolt.</marc:subfield></marc:datafield><marc:datafield tag="500" ind1=" " ind2=" "><marc:subfield code="a">Imprint from colophon (leaf r7v), which reads: Opus elementorũ euclidis megarensis in geometriã artẽ. In id quoqz Campani p[er]spicacissimi Cõmentationes finiũt. Erhardus ratdolt Augustensis impressor solertissimus. venetijs impressit. Anno salutis M.cccc.lxxxii. Octauis. Caleñ. Juñ. Lector. Vale.</marc:subfield></marc:datafield><marc:datafield tag="500" ind1=" " ind2=" "><marc:subfield code="a">Signatures: a¹⁰, b-r⁸.</marc:subfield></marc:datafield><marc:datafield tag="500" ind1=" " ind2=" "><marc:subfield code="a">Woodcut initials, large and small, and diagrams in margins throughout; woodcut three-sided border on leaf a2r.</marc:subfield></marc:datafield><marc:datafield tag="500" ind1=" " ind2=" "><marc:subfield code="a">Headlines: book numbers throughout, Liber I-Liber XV.</marc:subfield></marc:datafield><marc:datafield tag="500" ind1=" " ind2=" "><marc:subfield code="a">Liber III, Propositio 18 (leaf c1r) reads: Si circulũ linea recta cõtingat: ...</marc:subfield></marc:datafield><marc:datafield tag="510" ind1="4" ind2=" "><marc:subfield code="a">BM 15th cent.,</marc:subfield><marc:subfield code="c">V, p. 285, (IB.20513).</marc:subfield></marc:datafield><marc:datafield tag="510" ind1="4" ind2=" "><marc:subfield code="a">Goff</marc:subfield><marc:subfield code="c">E-113.</marc:subfield></marc:datafield><marc:datafield tag="510" ind1="4" ind2=" "><marc:subfield code="a">Sander</marc:subfield><marc:subfield code="c">2605.</marc:subfield></marc:datafield><marc:datafield tag="510" ind1="4" ind2=" "><marc:subfield code="a">GW</marc:subfield><marc:subfield code="c">9428.</marc:subfield></marc:datafield><marc:datafield tag="585" ind1=" " ind2=" "><marc:subfield code="a">Washington, D.C., Folger Shakespeare Library, 2001-2002. The Reader Revealed (catalog entry 49)</marc:subfield><marc:subfield code="5">DFo</marc:subfield></marc:datafield><marc:datafield tag="590" ind1=" " ind2=" "><marc:subfield code="a">Folger copy: leaf r8, blank, lacking; gathering h bound between gatherings e and f; edges have been trimmed, affecting manuscript notes.</marc:subfield></marc:datafield><marc:datafield tag="590" ind1=" " ind2=" "><marc:subfield code="a">Printed initials handcolored in alternate red and blue with a yellow background; paragraph marks in alternate red and blue, and capital strokes in red throughout.</marc:subfield></marc:datafield><marc:datafield tag="590" ind1=" " ind2=" "><marc:subfield code="a">Numerous manuscript notes and diagrams in brown ink in different hands in Latin and Greek, with a few corrections in text, brackets and underlining; sets of notes and verses (some acrostic?) on front flyleaf and leaf a1, one of them with title &quot;De authoribus Geometria&quot;.</marc:subfield></marc:datafield><marc:datafield tag="590" ind1=" " ind2=" "><marc:subfield code="a">Inscription in outer margin of leaf a1v, blurred and partially illegible &quot;ad Vsum [...?] Capucinorum Hildesiensium [?] catalogo [...?] 38o ĩscript. No. 19 F.&quot;; pencilled autograph on front flyleaf &quot;S.[or J?] Digby[?]&quot; ; autograph on another front flyleaf of William Maskell, his dates &quot;1833. Bound 1840&quot;, and his notes (not located in the Sotheby sale catalogs of his library); bookplate of W.T. Smedley; purchased in 1924.</marc:subfield></marc:datafield><marc:datafield tag="590" ind1=" " ind2=" "><marc:subfield code="a">19th century calf binding, blind tooled with gauffered and gilt edges.</marc:subfield></marc:datafield><marc:datafield tag="650" ind1=" " ind2="0"><marc:subfield code="a">Mathematics, Greek.</marc:subfield></marc:datafield><marc:datafield tag="650" ind1=" " ind2="0"><marc:subfield code="a">Geometry.</marc:subfield></marc:datafield><marc:datafield tag="655" ind1=" " ind2="7"><marc:subfield code="a">Annotations (Provenance)</marc:subfield><marc:subfield code="2">rbprov</marc:subfield></marc:datafield><marc:datafield tag="655" ind1=" " ind2="7"><marc:subfield code="a">Illustrated works</marc:subfield><marc:subfield code="y">15th and 16th centuries.</marc:subfield><marc:subfield code="2">rbgenr</marc:subfield></marc:datafield><marc:datafield tag="655" ind1=" " ind2="7"><marc:subfield code="a">Borders (Type evidence)</marc:subfield><marc:subfield code="2">rbtyp</marc:subfield></marc:datafield><marc:datafield tag="700" ind1="1" ind2=" "><marc:subfield code="a">Ratdolt, Erhard,</marc:subfield><marc:subfield code="d">1447?-1527 or 8.</marc:subfield></marc:datafield><marc:datafield tag="710" ind1="1" ind2=" "><marc:subfield code="a">Hildesheim (Germany).</marc:subfield><marc:subfield code="b">Capuchins,</marc:subfield><marc:subfield code="e">former owner.</marc:subfield></marc:datafield><marc:datafield tag="700" ind1="1" ind2=" "><marc:subfield code="a">Maskell, William,</marc:subfield><marc:subfield code="d">1814?-1890,</marc:subfield><marc:subfield code="e">former owner.</marc:subfield></marc:datafield><marc:datafield tag="700" ind1="1" ind2=" "><marc:subfield code="a">Smedley, William T.</marc:subfield><marc:subfield code="q">(William Thomas),</marc:subfield><marc:subfield code="d">b. 1851,</marc:subfield><marc:subfield code="e">former owner.</marc:subfield></marc:datafield><marc:datafield tag="700" ind1="1" ind2=" "><marc:subfield code="a">Ratdolt, Erhard,</marc:subfield><marc:subfield code="d">1447?-1527 or 8,</marc:subfield><marc:subfield code="e">printer.</marc:subfield></marc:datafield><marc:datafield tag="752" ind1="1" ind2="0"><marc:subfield code="d">Venice.</marc:subfield></marc:datafield><marc:datafield tag="100" ind1="0" ind2=" "><marc:subfield code="a">Euclid.</marc:subfield></marc:datafield><marc:datafield tag="700" ind1="0" ind2=" "><marc:subfield code="a">Adelard,</marc:subfield><marc:subfield code="c">of Bath,</marc:subfield><marc:subfield code="d">ca. 1116-1142.</marc:subfield></marc:datafield><marc:datafield tag="700" ind1="0" ind2=" "><marc:subfield code="a">Campano,</marc:subfield><marc:subfield code="c">da Novara,</marc:subfield><marc:subfield code="d">d. 1296.</marc:subfield></marc:datafield><marc:datafield tag="852" ind1=" " ind2=" "><marc:subfield code="x">rev. AS-K 201203</marc:subfield></marc:datafield><marc:datafield tag="856" ind1="4" ind2="1"><marc:subfield code="u">http://luna.folger.edu/luna/servlet/s/ppb235</marc:subfield><marc:subfield code="z">Binding images and description for Folger Shakespeare Library INC E86</marc:subfield></marc:datafield><marc:datafield tag="950" ind1=" " ind2=" "><marc:subfield code="l">RARE</marc:subfield><marc:subfield code="i">10/14/94 C</marc:subfield></marc:datafield><marc:datafield tag="998" ind1=" " ind2=" "><marc:subfield code="a">10/14/94</marc:subfield><marc:subfield code="t">c</marc:subfield><marc:subfield code="s">9114</marc:subfield><marc:subfield code="n">DFo</marc:subfield><marc:subfield code="w">DCFG94B3135</marc:subfield><marc:subfield code="d">10/05/94</marc:subfield><marc:subfield code="c">ML</marc:subfield><marc:subfield code="b">MT</marc:subfield><marc:subfield code="l">DCFG</marc:subfield></marc:datafield></marc:record>