
<marc:record><marc:leader>02897cam a2200493 a 4500</marc:leader>
<marc:controlfield tag="001">92642</marc:controlfield>
<marc:controlfield tag="005">20110119170202.0</marc:controlfield><marc:controlfield tag="008">941013s1483    it            001 0 lat d</marc:controlfield><marc:datafield tag="035" ind1=" " ind2=" "><marc:subfield code="a">(CStRLIN)DCFG94-B3170</marc:subfield></marc:datafield><marc:datafield tag="040" ind1=" " ind2=" "><marc:subfield code="a">DFo</marc:subfield><marc:subfield code="c">DFo</marc:subfield><marc:subfield code="e">dcrb</marc:subfield><marc:subfield code="d">UtOrBLW</marc:subfield></marc:datafield><marc:datafield tag="041" ind1="1" ind2=" "><marc:subfield code="a">lat</marc:subfield><marc:subfield code="h">grc</marc:subfield></marc:datafield><marc:datafield tag="090" ind1=" " ind2=" "><marc:subfield code="b">\INC\E90</marc:subfield><marc:subfield code="f">cs1176</marc:subfield><marc:subfield code="t">~650</marc:subfield><marc:subfield code="t">~700</marc:subfield><marc:subfield code="t">~740</marc:subfield><marc:subfield code="t">~796</marc:subfield><marc:subfield code="t">~797</marc:subfield><marc:subfield code="t">~799</marc:subfield><marc:subfield code="i">09/04/96 N</marc:subfield><marc:subfield code="h">01/05/95 X</marc:subfield><marc:subfield code="h">01/03/95 X</marc:subfield><marc:subfield code="h">10/14/94 C</marc:subfield></marc:datafield><marc:datafield tag="240" ind1="1" ind2="0"><marc:subfield code="a">Chronicle.</marc:subfield><marc:subfield code="l">Latin</marc:subfield></marc:datafield><marc:datafield tag="245" ind1="1" ind2="0"><marc:subfield code="a">Eusebii Caesariensis Episcopi Chronicon id est Temporum breuiarium incipit foeliciter /</marc:subfield><marc:subfield code="c">quem Hieronymus praesbiter diuino eius ingenio Latinum facere curauit, et usque in Valente[m] C[a]esarem Romano adiecit eloquio ; que[m] et Prosper deinde Mathe[us] Palmeri[us] qui ea qu[a]e co[n]secuta su[n]t adiicere curauere eide[m] postpositi subsequunt[ur] ...</marc:subfield></marc:datafield><marc:datafield tag="260" ind1=" " ind2=" "><marc:subfield code="a">[Venice] :</marc:subfield><marc:subfield code="b">Erhardus Ratdolt Augustensis ... no[n] paruo studio impensisq[ue] emendatissime impressit Venetijs ...,</marc:subfield><marc:subfield code="c">anno Salutj 1483. Idibus Septembris [13 Sept.]</marc:subfield></marc:datafield><marc:datafield tag="300" ind1=" " ind2=" "><marc:subfield code="a">[364] p. ;</marc:subfield><marc:subfield code="c">24 cm. (4to)</marc:subfield></marc:datafield><marc:datafield tag="500" ind1=" " ind2=" "><marc:subfield code="a">Title from incipit (leaf a2r).</marc:subfield></marc:datafield><marc:datafield tag="500" ind1=" " ind2=" "><marc:subfield code="a">Edited by Joannes Lucilius Santritter.</marc:subfield></marc:datafield><marc:datafield tag="500" ind1=" " ind2=" "><marc:subfield code="a">Imprint from colophon (leaf x9v).</marc:subfield></marc:datafield><marc:datafield tag="500" ind1=" " ind2=" "><marc:subfield code="a">Signatures: [*]¹², a-v⁸, x¹⁰ (r2 and v2 unsigned; e4 signed d4; c2 signed on c1v).</marc:subfield></marc:datafield><marc:datafield tag="500" ind1=" " ind2=" "><marc:subfield code="a">Leaves [*]1, a1, and x10 are blank.</marc:subfield></marc:datafield><marc:datafield tag="500" ind1=" " ind2=" "><marc:subfield code="a">Printed in red and black.</marc:subfield></marc:datafield><marc:datafield tag="500" ind1=" " ind2=" "><marc:subfield code="a">Printed capitals.</marc:subfield></marc:datafield><marc:datafield tag="500" ind1=" " ind2=" "><marc:subfield code="a">Index and quire b printed in 2 columns.</marc:subfield></marc:datafield><marc:datafield tag="510" ind1="4" ind2=" "><marc:subfield code="a">Goff</marc:subfield><marc:subfield code="c">E-117.</marc:subfield></marc:datafield><marc:datafield tag="510" ind1="4" ind2=" "><marc:subfield code="a">BM 15th cent.,</marc:subfield><marc:subfield code="c">V, p. 287-288 (IA.20527).</marc:subfield></marc:datafield><marc:datafield tag="510" ind1="4" ind2=" "><marc:subfield code="a">GW</marc:subfield><marc:subfield code="c">9433.</marc:subfield></marc:datafield><marc:datafield tag="590" ind1=" " ind2=" "><marc:subfield code="a">Folger copy: the words &quot;Gloria Deo&quot; printed in black at end of colophon have been erased.</marc:subfield></marc:datafield><marc:datafield tag="590" ind1=" " ind2=" "><marc:subfield code="a">This copy lacks leaves [*]1 and x10 (blank); leaves [*]11 and [*]12 misbound between leaves [*]2 and [*]3, reading: [*]2, [*]11, [*]12, [*]3, [*]4 etc.; leaves e3-e4, f7-f8, o5-o6 are uncut.</marc:subfield></marc:datafield><marc:datafield tag="590" ind1=" " ind2=" "><marc:subfield code="a">Monogram &quot;H.T.P.&quot; (?) handwritten on leaf [*]2r; top of same leaf (bearing inscription?) has been torn; shelfmarks (?) nos. &quot;281&quot; in brown ink, and &quot;169&quot; in red pencil handwritten on front pastedown; bookplate of Georg Kloss; purchased in 1923.</marc:subfield></marc:datafield><marc:datafield tag="590" ind1=" " ind2=" "><marc:subfield code="a">Half sheepskin binding with paste paper on boards; repaired.</marc:subfield></marc:datafield><marc:datafield tag="650" ind1=" " ind2="0"><marc:subfield code="a">World history</marc:subfield><marc:subfield code="v">Early works to 1800.</marc:subfield></marc:datafield><marc:datafield tag="650" ind1=" " ind2="0"><marc:subfield code="a">Chronology, Historical.</marc:subfield></marc:datafield><marc:datafield tag="700" ind1="1" ind2=" "><marc:subfield code="a">Santritter, Joannes Lucilius.</marc:subfield></marc:datafield><marc:datafield tag="700" ind1="1" ind2=" "><marc:subfield code="a">Palmieri, Matteo,</marc:subfield><marc:subfield code="d">1405-1475.</marc:subfield></marc:datafield><marc:datafield tag="740" ind1="0" ind2=" "><marc:subfield code="a">Eusebij Caesariensis Episcopi Chronicon.</marc:subfield></marc:datafield><marc:datafield tag="700" ind1="1" ind2=" "><marc:subfield code="a">Kloss, Georg Franz Burkhard,</marc:subfield><marc:subfield code="d">1787-1854,</marc:subfield><marc:subfield code="e">former owner.</marc:subfield><marc:subfield code="5">DFo</marc:subfield></marc:datafield><marc:datafield tag="700" ind1="1" ind2=" "><marc:subfield code="a">Ratdolt, Erhard,</marc:subfield><marc:subfield code="d">1447?-1527 or 8,</marc:subfield><marc:subfield code="e">printer.</marc:subfield></marc:datafield><marc:datafield tag="752" ind1=" " ind2=" "><marc:subfield code="a">Italy</marc:subfield><marc:subfield code="d">Venice.</marc:subfield></marc:datafield><marc:datafield tag="100" ind1="0" ind2=" "><marc:subfield code="a">Eusebius,</marc:subfield><marc:subfield code="c">of Caesarea, Bishop of Caesarea,</marc:subfield><marc:subfield code="d">ca. 260-ca. 340.</marc:subfield></marc:datafield><marc:datafield tag="700" ind1="0" ind2=" "><marc:subfield code="a">Jerome,</marc:subfield><marc:subfield code="c">Saint,</marc:subfield><marc:subfield code="d">d. 419 or 20.</marc:subfield></marc:datafield><marc:datafield tag="700" ind1="0" ind2=" "><marc:subfield code="a">Prosper,</marc:subfield><marc:subfield code="c">of Aquitaine, Saint,</marc:subfield><marc:subfield code="d">ca. 390-ca. 463.</marc:subfield></marc:datafield><marc:datafield tag="998" ind1=" " ind2=" "><marc:subfield code="a">09/04/96</marc:subfield><marc:subfield code="t">c</marc:subfield><marc:subfield code="s">9114</marc:subfield><marc:subfield code="l">DCFG</marc:subfield><marc:subfield code="n">DFo</marc:subfield><marc:subfield code="w">DCFG94B3170</marc:subfield><marc:subfield code="d">10/13/94</marc:subfield><marc:subfield code="c">ML</marc:subfield><marc:subfield code="b">KK</marc:subfield></marc:datafield><marc:datafield tag="950" ind1=" " ind2=" "><marc:subfield code="l">RARE</marc:subfield><marc:subfield code="e">\copy 2\</marc:subfield><marc:subfield code="h">10/14/94 C</marc:subfield></marc:datafield></marc:record>