
<marc:record><marc:leader>02305cam a2200421 a 4500</marc:leader>
<marc:controlfield tag="001">90048</marc:controlfield>
<marc:controlfield tag="005">20110119170017.0</marc:controlfield><marc:controlfield tag="008">941019s1495    it            000 0 lat d</marc:controlfield><marc:datafield tag="035" ind1=" " ind2=" "><marc:subfield code="9">DCFG94-B3240</marc:subfield></marc:datafield><marc:datafield tag="040" ind1=" " ind2=" "><marc:subfield code="a">DFo</marc:subfield><marc:subfield code="c">DFo</marc:subfield><marc:subfield code="e">dcrb</marc:subfield><marc:subfield code="d">UtOrBLW</marc:subfield></marc:datafield><marc:datafield tag="090" ind1=" " ind2=" "><marc:subfield code="b">INC F138</marc:subfield><marc:subfield code="t">6̃90-2</marc:subfield><marc:subfield code="t">7̃96-1</marc:subfield><marc:subfield code="i">10/28/94 C</marc:subfield></marc:datafield><marc:datafield tag="100" ind1="1" ind2=" "><marc:subfield code="a">Ficino, Marsilio,</marc:subfield><marc:subfield code="d">1433-1499.</marc:subfield></marc:datafield><marc:datafield tag="240" ind1="1" ind2="0"><marc:subfield code="a">Correspondence</marc:subfield></marc:datafield><marc:datafield tag="245" ind1="1" ind2="0"><marc:subfield code="a">Epistole Marsilii Ficini Florentini.</marc:subfield></marc:datafield><marc:datafield tag="260" ind1=" " ind2=" "><marc:subfield code="a">[Venice] :</marc:subfield><marc:subfield code="b">Impe[n]sa p[ro]uidi Hieronymi Blo[n]di Flore[n]tini ... :</marc:subfield><marc:subfield code="b">Op[er]a uero &amp; dilige[n]tia Mathei Capcasae Parme[n]sis, impresse Venetiis,</marc:subfield><marc:subfield code="c">aequinoctiu[m] uernale Phoebo introeunte, as. [Ariete] die &amp; hora Mercurii, uigilia Diui Gregorii [11 March], anno Salutis 1495.</marc:subfield></marc:datafield><marc:datafield tag="300" ind1=" " ind2=" "><marc:subfield code="a">[6], CLXXXXVII, [1] leaves ;</marc:subfield><marc:subfield code="c">32 cm. (fol.)</marc:subfield></marc:datafield><marc:datafield tag="500" ind1=" " ind2=" "><marc:subfield code="a">Privilege is not dated.</marc:subfield></marc:datafield><marc:datafield tag="500" ind1=" " ind2=" "><marc:subfield code="a">Explicit (leaf [con]9v) reads: Finis Duodecimi ... Epistolarũ Familiariũ Marisilii Ficini / Florentini [space] Deo Gratias. Amen.</marc:subfield></marc:datafield><marc:datafield tag="500" ind1=" " ind2=" "><marc:subfield code="a">Imprint from colophon (leaf [con]10r).</marc:subfield></marc:datafield><marc:datafield tag="500" ind1=" " ind2=" "><marc:subfield code="a">Signatures: 2A⁶, a-r⁸, s⁴, t-z⁸, &amp;⁸, [con]¹⁰.</marc:subfield></marc:datafield><marc:datafield tag="500" ind1=" " ind2=" "><marc:subfield code="a">Woodcut capitals, a few spaces.</marc:subfield></marc:datafield><marc:datafield tag="500" ind1=" " ind2=" "><marc:subfield code="a">Woodcut borders on leaves 2A1v, 2A6v, and a1r.</marc:subfield></marc:datafield><marc:datafield tag="500" ind1=" " ind2=" "><marc:subfield code="a">Includes register.</marc:subfield></marc:datafield><marc:datafield tag="510" ind1="4" ind2=" "><marc:subfield code="a">Goff</marc:subfield><marc:subfield code="c">F-154.</marc:subfield></marc:datafield><marc:datafield tag="510" ind1="4" ind2=" "><marc:subfield code="a">BM 15th cent.,</marc:subfield><marc:subfield code="c">V, p. 486 (IB.22768).</marc:subfield></marc:datafield><marc:datafield tag="510" ind1="4" ind2=" "><marc:subfield code="a">Sander</marc:subfield><marc:subfield code="c">2706.</marc:subfield></marc:datafield><marc:datafield tag="510" ind1="4" ind2=" "><marc:subfield code="a">GW</marc:subfield><marc:subfield code="c">9873 (var).</marc:subfield></marc:datafield><marc:datafield tag="590" ind1=" " ind2=" "><marc:subfield code="a">Folger copy: edges trimmed, affecting manuscript notes.</marc:subfield></marc:datafield><marc:datafield tag="590" ind1=" " ind2=" "><marc:subfield code="a">Manuscript finding notes in brown ink throughout the book with brackets and fists, and some corrections in text; at the beginning of a few letters are manuscript references to other letters; a few lines with rime on verso of last leaf and a distich on t.p., defaced(?), illegible; initials &quot;F.M.&quot; added in border with dancettée line parting the shield per pale in border, on leaves 2A1v and 2A6v.</marc:subfield></marc:datafield><marc:datafield tag="590" ind1=" " ind2=" "><marc:subfield code="a">Bookplate of W.T. Smedley; purchased in 1924.</marc:subfield></marc:datafield><marc:datafield tag="655" ind1=" " ind2="7"><marc:subfield code="a">Annotations (Provenance)</marc:subfield><marc:subfield code="2">rbprov</marc:subfield></marc:datafield><marc:datafield tag="655" ind1=" " ind2="7"><marc:subfield code="a">Borders (Type evidence)</marc:subfield><marc:subfield code="2">rbtyp</marc:subfield></marc:datafield><marc:datafield tag="700" ind1="1" ind2=" "><marc:subfield code="a">Smedley, William T.</marc:subfield><marc:subfield code="q">(William Thomas),</marc:subfield><marc:subfield code="d">b. 1851,</marc:subfield><marc:subfield code="e">former owner.</marc:subfield></marc:datafield><marc:datafield tag="700" ind1="1" ind2=" "><marc:subfield code="a">Biondo, Girolamo,</marc:subfield><marc:subfield code="d">fl. 1494-1517,</marc:subfield><marc:subfield code="e">printer.</marc:subfield></marc:datafield><marc:datafield tag="700" ind1="1" ind2=" "><marc:subfield code="a">Capcasa, Matteo,</marc:subfield><marc:subfield code="e">printer.</marc:subfield></marc:datafield><marc:datafield tag="752" ind1="1" ind2="0"><marc:subfield code="d">Venice.</marc:subfield></marc:datafield><marc:datafield tag="950" ind1=" " ind2=" "><marc:subfield code="l">RARE</marc:subfield><marc:subfield code="i">10/28/94 C</marc:subfield></marc:datafield><marc:datafield tag="998" ind1=" " ind2=" "><marc:subfield code="a">10/28/94</marc:subfield><marc:subfield code="t">c</marc:subfield><marc:subfield code="s">9114</marc:subfield><marc:subfield code="n">DFo</marc:subfield><marc:subfield code="w">DCFG94B3240</marc:subfield><marc:subfield code="d">10/19/94</marc:subfield><marc:subfield code="c">ML</marc:subfield><marc:subfield code="b">MT</marc:subfield><marc:subfield code="l">DCFG</marc:subfield></marc:datafield></marc:record>