
<marc:record><marc:leader>02044cam a2200457 a 4500</marc:leader>
<marc:controlfield tag="001">90214</marc:controlfield>
<marc:controlfield tag="005">20110119170022.0</marc:controlfield><marc:controlfield tag="008">950125s1488    it a          000 0 lat d</marc:controlfield><marc:datafield tag="035" ind1=" " ind2=" "><marc:subfield code="9">DCFG95-B284</marc:subfield></marc:datafield><marc:datafield tag="040" ind1=" " ind2=" "><marc:subfield code="a">DFo</marc:subfield><marc:subfield code="c">DFo</marc:subfield><marc:subfield code="e">dcrb</marc:subfield><marc:subfield code="d">UtOrBLW</marc:subfield></marc:datafield><marc:datafield tag="090" ind1=" " ind2=" "><marc:subfield code="b">INC H489</marc:subfield><marc:subfield code="f">ca845</marc:subfield><marc:subfield code="t">6̃50</marc:subfield><marc:subfield code="t">6̃90</marc:subfield><marc:subfield code="t">7̃00</marc:subfield><marc:subfield code="t">7̃40</marc:subfield><marc:subfield code="i">01/30/95 C</marc:subfield></marc:datafield><marc:datafield tag="240" ind1="1" ind2="0"><marc:subfield code="a">Poetica astronomica</marc:subfield></marc:datafield><marc:datafield tag="245" ind1="1" ind2="0"><marc:subfield code="a">Clarissim uiri Hyginii Poeticon astronomicon, opus utilisimum foeliciter incipit ...</marc:subfield></marc:datafield><marc:datafield tag="260" ind1=" " ind2=" "><marc:subfield code="a">[Venice] :</marc:subfield><marc:subfield code="b">Impressum est ... p[er] Thomam de Blauis de Alexandria, Venetiis,</marc:subfield><marc:subfield code="c">anno salutifere Incarnationis [1488] mensis Iunii die septima.</marc:subfield></marc:datafield><marc:datafield tag="300" ind1=" " ind2=" "><marc:subfield code="a">[112] p. :</marc:subfield><marc:subfield code="b">ill. (woodcuts) ;</marc:subfield><marc:subfield code="c">21 cm. (4to)</marc:subfield></marc:datafield><marc:datafield tag="500" ind1=" " ind2=" "><marc:subfield code="a">Title from incipit (leaf a2r).</marc:subfield></marc:datafield><marc:datafield tag="500" ind1=" " ind2=" "><marc:subfield code="a">Edited by Jacobus Sentinus and Joannes Lucilius Santritter.</marc:subfield></marc:datafield><marc:datafield tag="500" ind1=" " ind2=" "><marc:subfield code="a">Imprint from colophon (leaf g8r), which gives date in Latin words before publisher statement.</marc:subfield></marc:datafield><marc:datafield tag="500" ind1=" " ind2=" "><marc:subfield code="a">Signatures: a-g⁸ (a2 signed a).</marc:subfield></marc:datafield><marc:datafield tag="500" ind1=" " ind2=" "><marc:subfield code="a">Woodcut initials.</marc:subfield></marc:datafield><marc:datafield tag="510" ind1="4" ind2=" "><marc:subfield code="a">Goff</marc:subfield><marc:subfield code="c">H-562.</marc:subfield></marc:datafield><marc:datafield tag="510" ind1="4" ind2=" "><marc:subfield code="a">BM 15th cent.,</marc:subfield><marc:subfield code="c">V, p. 318 (IA.21863).</marc:subfield></marc:datafield><marc:datafield tag="510" ind1="4" ind2=" "><marc:subfield code="a">Hain-Copinger,</marc:subfield><marc:subfield code="c">9065*.</marc:subfield></marc:datafield><marc:datafield tag="510" ind1="4" ind2=" "><marc:subfield code="a">Sander</marc:subfield><marc:subfield code="c">3474.</marc:subfield></marc:datafield><marc:datafield tag="590" ind1=" " ind2=" "><marc:subfield code="a">Folger copy: edges trimmed, affecting manuscript notes.</marc:subfield></marc:datafield><marc:datafield tag="590" ind1=" " ind2=" "><marc:subfield code="a">Monogram in brown ink on leaf a2r (signed a), with coat of arms (?), partially defaced, illegible; upper margin of same leaf, bearing ownership(?) inscription has been cut out.</marc:subfield></marc:datafield><marc:datafield tag="590" ind1=" " ind2=" "><marc:subfield code="a">A few manuscript notes in brown ink.</marc:subfield></marc:datafield><marc:datafield tag="590" ind1=" " ind2=" "><marc:subfield code="a">Repaired and rebound.</marc:subfield></marc:datafield><marc:datafield tag="590" ind1=" " ind2=" "><marc:subfield code="a">Purchased in 1916.</marc:subfield></marc:datafield><marc:datafield tag="650" ind1=" " ind2="0"><marc:subfield code="a">Astronomy.</marc:subfield></marc:datafield><marc:datafield tag="650" ind1=" " ind2="0"><marc:subfield code="a">Constellations.</marc:subfield></marc:datafield><marc:datafield tag="655" ind1=" " ind2="7"><marc:subfield code="a">Illustrated works</marc:subfield><marc:subfield code="y">15th and 16th centuries.</marc:subfield><marc:subfield code="2">rbgenr</marc:subfield></marc:datafield><marc:datafield tag="700" ind1="1" ind2=" "><marc:subfield code="a">Sentinus, Jacobus.</marc:subfield></marc:datafield><marc:datafield tag="700" ind1="1" ind2=" "><marc:subfield code="a">Santritter, Joannes Lucilius.</marc:subfield></marc:datafield><marc:datafield tag="740" ind1="0" ind2=" "><marc:subfield code="a">Poeticon astronomicon.</marc:subfield></marc:datafield><marc:datafield tag="740" ind1="0" ind2=" "><marc:subfield code="a">Clarissim viri Hyginii Poeticon astronomicon, opvs vtilisimvm foeliciter incipit.</marc:subfield></marc:datafield><marc:datafield tag="700" ind1="1" ind2=" "><marc:subfield code="a">Blavis, Thomas de,</marc:subfield><marc:subfield code="d">fl. 1476-1491,</marc:subfield><marc:subfield code="e">printer.</marc:subfield></marc:datafield><marc:datafield tag="752" ind1="1" ind2="0"><marc:subfield code="d">Venice.</marc:subfield></marc:datafield><marc:datafield tag="100" ind1="0" ind2=" "><marc:subfield code="a">Hyginus.</marc:subfield></marc:datafield><marc:datafield tag="950" ind1=" " ind2=" "><marc:subfield code="l">RARE</marc:subfield><marc:subfield code="i">01/30/95 C</marc:subfield></marc:datafield><marc:datafield tag="998" ind1=" " ind2=" "><marc:subfield code="a">01/30/95</marc:subfield><marc:subfield code="t">c</marc:subfield><marc:subfield code="s">9114</marc:subfield><marc:subfield code="n">DFo</marc:subfield><marc:subfield code="w">DCFG95B284</marc:subfield><marc:subfield code="d">01/25/95</marc:subfield><marc:subfield code="c">ML</marc:subfield><marc:subfield code="b">ML</marc:subfield><marc:subfield code="l">DCFG</marc:subfield></marc:datafield></marc:record>