
<marc:record><marc:leader>02968cam a2200481 a 4500</marc:leader>
<marc:controlfield tag="001">90237</marc:controlfield>
<marc:controlfield tag="005">20110119170023.0</marc:controlfield><marc:controlfield tag="008">950302s1482    it a          000 0 lat  </marc:controlfield><marc:datafield tag="010" ind1=" " ind2=" "><marc:subfield code="a">   90172781 </marc:subfield></marc:datafield><marc:datafield tag="035" ind1=" " ind2=" "><marc:subfield code="9">DCFG95-B739</marc:subfield></marc:datafield><marc:datafield tag="040" ind1=" " ind2=" "><marc:subfield code="a">DLC</marc:subfield><marc:subfield code="c">DLC</marc:subfield><marc:subfield code="d">DLC</marc:subfield><marc:subfield code="e">bdrb</marc:subfield><marc:subfield code="d">DFo</marc:subfield><marc:subfield code="d">UtOrBLW</marc:subfield></marc:datafield><marc:datafield tag="050" ind1="0" ind2="0"><marc:subfield code="a">Incun. 1482</marc:subfield><marc:subfield code="b">.S13</marc:subfield><marc:subfield code="a">QB144</marc:subfield></marc:datafield><marc:datafield tag="051" ind1=" " ind2=" "><marc:subfield code="a">Incun. 1482</marc:subfield><marc:subfield code="b">.S13</marc:subfield><marc:subfield code="c">Copy 2. Unrubricated; diagram on leaf g3 heavily damaged by liquid spill; bound in limp vellum; purchased from Dr. Otto Vollbehr, 1930.</marc:subfield></marc:datafield><marc:datafield tag="090" ind1=" " ind2=" "><marc:subfield code="b">INC J364</marc:subfield><marc:subfield code="t">6̃50</marc:subfield><marc:subfield code="t">6̃90-2</marc:subfield><marc:subfield code="t">7̃40</marc:subfield><marc:subfield code="i">03/21/95 C</marc:subfield></marc:datafield><marc:datafield tag="100" ind1="1" ind2=" "><marc:subfield code="a">Sacro Bosco, Joannes de,</marc:subfield><marc:subfield code="d">fl. 1230.</marc:subfield></marc:datafield><marc:datafield tag="240" ind1="1" ind2="0"><marc:subfield code="a">Sphaera mundi</marc:subfield></marc:datafield><marc:datafield tag="245" ind1="1" ind2="0"><marc:subfield code="a">Nouicijs adolesce[n]tib[us] ad astronomica[m] remp. capessenda[m] aditu[m] impetra[n]tib[us] p[ro] breui rectoq[ue] tramite a vulgari vestigio semoto, Ioannis de Sacro Busto Sph[a]ericu[m] opusculu[m]. Co[n]traq[ue] Cremone[n]sia i[n] planeta[rum] theoricas delyrame[n]ta Ioa[n]nis de Mo[n]te Regio disputationes ta[m] acuratiss. q[uam] vtiliss. Necno[n] Georgij Purbachij i[n] eoru[n]de[m] mot[us] planeta[rum] acuratiss. theoric[a]e ...</marc:subfield></marc:datafield><marc:datafield tag="260" ind1=" " ind2=" "><marc:subfield code="a">[Venice] :</marc:subfield><marc:subfield code="b">Impressum ... arte [et] diligentia Erhardi Ratdolt Augustensis,</marc:subfield><marc:subfield code="c">2. Non[as] Iulij [6 July] 1482.</marc:subfield></marc:datafield><marc:datafield tag="300" ind1=" " ind2=" "><marc:subfield code="a">[120] p. :</marc:subfield><marc:subfield code="b">diagrams (woodcuts, some col.) ;</marc:subfield><marc:subfield code="c">21 cm. (4to)</marc:subfield></marc:datafield><marc:datafield tag="500" ind1=" " ind2=" "><marc:subfield code="a">Caption title (printed in red).</marc:subfield></marc:datafield><marc:datafield tag="500" ind1=" " ind2=" "><marc:subfield code="a">Imprint from colophon (place from Goff).</marc:subfield></marc:datafield><marc:datafield tag="500" ind1=" " ind2=" "><marc:subfield code="a">Some of the diagrams are painted yellow or green; one ill. is painted in both colors; one ill. also includes orange color.</marc:subfield></marc:datafield><marc:datafield tag="500" ind1=" " ind2=" "><marc:subfield code="a">Signatures: a-g⁸, h⁴ (f2 unsigned).</marc:subfield></marc:datafield><marc:datafield tag="500" ind1=" " ind2=" "><marc:subfield code="a">Leaf a2r printed in red and black.</marc:subfield></marc:datafield><marc:datafield tag="510" ind1="4" ind2=" "><marc:subfield code="a">Goff</marc:subfield><marc:subfield code="c">J-405.</marc:subfield></marc:datafield><marc:datafield tag="510" ind1="4" ind2=" "><marc:subfield code="a">Hain-Copinger</marc:subfield><marc:subfield code="c">14110.</marc:subfield></marc:datafield><marc:datafield tag="510" ind1="4" ind2=" "><marc:subfield code="a">BM 15th cent.,</marc:subfield><marc:subfield code="c">V, p. 286 (IA.20516).</marc:subfield></marc:datafield><marc:datafield tag="590" ind1=" " ind2=" "><marc:subfield code="a">Folger copy lacks leaves f4-f5; edges trimmed, affecting manuscript notes.</marc:subfield></marc:datafield><marc:datafield tag="590" ind1=" " ind2=" "><marc:subfield code="a">Extensive commentary notes in brown ink, in Latin and Greek, some using a few signes-de-renvoi, most of them referring to Pliny or Macrobius, ending at beginning of gathering b; leaves a2-c5, numbered by hand 1-20; manuscript corrections in text.</marc:subfield></marc:datafield><marc:datafield tag="590" ind1=" " ind2=" "><marc:subfield code="a">Ownership inscription on leaf a1r: &quot;Con[uen]tus S. Fran[cisci] Rau[...? for Ravenna?]&quot;; bookplate of W.T. Smedley; purchased in 1924.</marc:subfield></marc:datafield><marc:datafield tag="590" ind1=" " ind2=" "><marc:subfield code="a">Rebound.</marc:subfield></marc:datafield><marc:datafield tag="650" ind1=" " ind2="0"><marc:subfield code="a">Astronomy</marc:subfield><marc:subfield code="v">Early works to 1800.</marc:subfield></marc:datafield><marc:datafield tag="650" ind1=" " ind2="0"><marc:subfield code="a">Cosmography</marc:subfield><marc:subfield code="v">Early works to 1800.</marc:subfield></marc:datafield><marc:datafield tag="655" ind1=" " ind2="7"><marc:subfield code="a">Annotations (Provenance)</marc:subfield><marc:subfield code="2">rbprov</marc:subfield></marc:datafield><marc:datafield tag="655" ind1=" " ind2="7"><marc:subfield code="a">Illustrated works</marc:subfield><marc:subfield code="y">15th and 16th centuries.</marc:subfield><marc:subfield code="2">rbgenr</marc:subfield></marc:datafield><marc:datafield tag="700" ind1="1" ind2="2"><marc:subfield code="a">Regiomontanus, Joannes,</marc:subfield><marc:subfield code="d">1436-1476.</marc:subfield><marc:subfield code="t">Disputationes contra Cremonensia deliramenta.</marc:subfield><marc:subfield code="f">1482.</marc:subfield></marc:datafield><marc:datafield tag="700" ind1="1" ind2="2"><marc:subfield code="a">Peurbach, Georg von,</marc:subfield><marc:subfield code="d">1423-1461.</marc:subfield><marc:subfield code="t">Theoricae novae planetarum.</marc:subfield><marc:subfield code="f">1482.</marc:subfield></marc:datafield><marc:datafield tag="740" ind1="0" ind2=" "><marc:subfield code="a">Sphaericum opusculum.</marc:subfield></marc:datafield><marc:datafield tag="700" ind1="1" ind2=" "><marc:subfield code="a">Smedley, William T.</marc:subfield><marc:subfield code="q">(William Thomas),</marc:subfield><marc:subfield code="d">b. 1851,</marc:subfield><marc:subfield code="e">former owner.</marc:subfield></marc:datafield><marc:datafield tag="700" ind1="1" ind2=" "><marc:subfield code="a">Ratdolt, Erhard,</marc:subfield><marc:subfield code="d">1447?-1527 or 8,</marc:subfield><marc:subfield code="e">printer.</marc:subfield></marc:datafield><marc:datafield tag="752" ind1="1" ind2="0"><marc:subfield code="d">Venice.</marc:subfield></marc:datafield><marc:datafield tag="950" ind1=" " ind2=" "><marc:subfield code="l">RARE</marc:subfield><marc:subfield code="e">copy 1</marc:subfield><marc:subfield code="i">03/21/95 C</marc:subfield></marc:datafield><marc:datafield tag="998" ind1=" " ind2=" "><marc:subfield code="a">03/21/95</marc:subfield><marc:subfield code="t">c</marc:subfield><marc:subfield code="s">9110</marc:subfield><marc:subfield code="n">DFo</marc:subfield><marc:subfield code="w">DCFG95B739</marc:subfield><marc:subfield code="d">03/02/95</marc:subfield><marc:subfield code="c">ML</marc:subfield><marc:subfield code="b">MT</marc:subfield><marc:subfield code="l">DCFG</marc:subfield></marc:datafield></marc:record>