
<marc:record><marc:leader>03573cam a2200541 a 4500</marc:leader>
<marc:controlfield tag="001">90075</marc:controlfield>
<marc:controlfield tag="005">20120822101400.0</marc:controlfield><marc:controlfield tag="008">941107s1486    it            000 0 lat d</marc:controlfield><marc:datafield tag="035" ind1=" " ind2=" "><marc:subfield code="9">DCFG94-B3392</marc:subfield></marc:datafield><marc:datafield tag="040" ind1=" " ind2=" "><marc:subfield code="a">DFo</marc:subfield><marc:subfield code="c">DFo</marc:subfield><marc:subfield code="e">dcrb</marc:subfield><marc:subfield code="d">UtOrBLW</marc:subfield></marc:datafield><marc:datafield tag="090" ind1=" " ind2=" "><marc:subfield code="b">INC G25</marc:subfield><marc:subfield code="f">cs755</marc:subfield><marc:subfield code="t">6̃00</marc:subfield><marc:subfield code="t">6̃90-2</marc:subfield><marc:subfield code="t">7̃40</marc:subfield><marc:subfield code="t">7̃55</marc:subfield><marc:subfield code="i">11/18/94 C</marc:subfield></marc:datafield><marc:datafield tag="100" ind1="1" ind2=" "><marc:subfield code="a">Tiene, Gaetano,</marc:subfield><marc:subfield code="d">1387-ca. 1462.</marc:subfield></marc:datafield><marc:datafield tag="240" ind1="1" ind2="0"><marc:subfield code="a">Expositio in libros Aristotelis De anima</marc:subfield></marc:datafield><marc:datafield tag="245" ind1="1" ind2="0"><marc:subfield code="a">Incipit Expositio clarissimi [et] celeberrimi philosophi Gaetani Thienensis sup[er] libros De a[n]i[m]a Aristotelis philosopho[rum] principis Grecorum sapientissimi.</marc:subfield></marc:datafield><marc:datafield tag="246" ind1="3" ind2="3"><marc:subfield code="a">Expositio in Aristotelem De anima</marc:subfield></marc:datafield><marc:datafield tag="246" ind1="3" ind2="3"><marc:subfield code="a">De sensu agente</marc:subfield></marc:datafield><marc:datafield tag="246" ind1="3" ind2="3"><marc:subfield code="a">De substantia orbis Averrois</marc:subfield></marc:datafield><marc:datafield tag="260" ind1=" " ind2=" "><marc:subfield code="a">[Vicenza] :</marc:subfield><marc:subfield code="b">Impe[n]sa ingenioq[ue] Henrici de Sancto Vrso summa cum diligentia impressis Vincentie,</marc:subfield><marc:subfield code="c">annis D[omi]ni ab Incarnatione 1486. xvij. Cal[endarum] Nouembris [16 Oct.]</marc:subfield></marc:datafield><marc:datafield tag="300" ind1=" " ind2=" "><marc:subfield code="a">[250] p. (the last [4] p. are blank) ;</marc:subfield><marc:subfield code="c">30 cm. (fol.)</marc:subfield></marc:datafield><marc:datafield tag="500" ind1=" " ind2=" "><marc:subfield code="a">Title from incipit (leaf a2r) which is in the variant setting described by Reichling (III, p. 200).</marc:subfield></marc:datafield><marc:datafield tag="500" ind1=" " ind2=" "><marc:subfield code="a">Includes Gaetano Tiene's De sensu agente and Jean de Jandun's De substantia orbis Averrois.</marc:subfield></marc:datafield><marc:datafield tag="500" ind1=" " ind2=" "><marc:subfield code="a">Imprint from colophon (leaf t2r); colophon at end of 1st work (leaf n5r) is dated 21 Sept. 1486.</marc:subfield></marc:datafield><marc:datafield tag="500" ind1=" " ind2=" "><marc:subfield code="a">Signatures: a⁸[-a6], b-c⁶, d-l⁸/⁶, m⁶, n⁸, o-p⁶, q⁸, r-s⁶, t⁴.</marc:subfield></marc:datafield><marc:datafield tag="500" ind1=" " ind2=" "><marc:subfield code="a">Stub of the cancelled leaf conjugate with a3, between leaves a5 and a7.</marc:subfield></marc:datafield><marc:datafield tag="500" ind1=" " ind2=" "><marc:subfield code="a">Printed in 2 columns.</marc:subfield></marc:datafield><marc:datafield tag="500" ind1=" " ind2=" "><marc:subfield code="a">Includes register.</marc:subfield></marc:datafield><marc:datafield tag="510" ind1="4" ind2=" "><marc:subfield code="a">Goff</marc:subfield><marc:subfield code="c">G-26.</marc:subfield></marc:datafield><marc:datafield tag="510" ind1="4" ind2=" "><marc:subfield code="a">BM 15th cent.,</marc:subfield><marc:subfield code="c">VII, p. 1046 (IB.31846).</marc:subfield></marc:datafield><marc:datafield tag="510" ind1="4" ind2=" "><marc:subfield code="a">Copinger-Reichling,</marc:subfield><marc:subfield code="c">617 (= 5824 + 5825).</marc:subfield></marc:datafield><marc:datafield tag="510" ind1="4" ind2=" "><marc:subfield code="a">IGI</marc:subfield><marc:subfield code="c">2340.</marc:subfield></marc:datafield><marc:datafield tag="590" ind1=" " ind2=" "><marc:subfield code="a">Folger copy: leaf t4, blank, lacking; edges have been trimmed, affecting a few early notes.</marc:subfield></marc:datafield><marc:datafield tag="590" ind1=" " ind2=" "><marc:subfield code="a">Extensive early manuscript notes in brown ink, most of them in the same hand, with numerous fists in different styles, a few drawings and other markings, in most of the 1st work and in pts. of Jean de Jandun's work; a few corrections in text.</marc:subfield></marc:datafield><marc:datafield tag="590" ind1=" " ind2=" "><marc:subfield code="a">Inscription on recto of 1st leaf &quot;emi quinque carlenis aquoda[m] fratre dominico ordinis p[rae]dicato[rum] die 8 noue[m]bris 1488 etc.&quot; followed by another inscription &quot;presente Petro Giorgetti Cingulano 1854&quot;; another inscription on same p., defaced, illegible.</marc:subfield></marc:datafield><marc:datafield tag="590" ind1=" " ind2=" "><marc:subfield code="a">In a contemporary vellum manuscript cover done in Lombardic style (exposed tawed covering over raised bands); also a manuscript fragment used as guard; remains of 2 purple ties on fore-edge; edges painted in purple; several spine inscriptions and shelfmarks &quot;B 193&quot; and &quot;179&quot;; remains of fragments of spine labels; some worming; repaired; in a tailored box.</marc:subfield></marc:datafield><marc:datafield tag="655" ind1=" " ind2="7"><marc:subfield code="a">Annotations (Provenance)</marc:subfield><marc:subfield code="2">rbprov</marc:subfield></marc:datafield><marc:datafield tag="655" ind1=" " ind2="7"><marc:subfield code="a">Prices (Provenance)</marc:subfield><marc:subfield code="2">rbprov</marc:subfield></marc:datafield><marc:datafield tag="655" ind1=" " ind2="7"><marc:subfield code="a">Manuscript waste (Binding)</marc:subfield><marc:subfield code="2">rbbin</marc:subfield></marc:datafield><marc:datafield tag="655" ind1=" " ind2="7"><marc:subfield code="a">Vellum bindings (Binding)</marc:subfield><marc:subfield code="2">rbbin</marc:subfield></marc:datafield><marc:datafield tag="700" ind1="1" ind2="2"><marc:subfield code="a">Tiene, Gaetano,</marc:subfield><marc:subfield code="d">1387-ca. 1462.</marc:subfield><marc:subfield code="t">De sensu agente.</marc:subfield><marc:subfield code="f">1486.</marc:subfield></marc:datafield><marc:datafield tag="700" ind1="1" ind2=" "><marc:subfield code="a">Giorgetti, Petrus,</marc:subfield><marc:subfield code="d">fl. 1854,</marc:subfield><marc:subfield code="e">former owner.</marc:subfield></marc:datafield><marc:datafield tag="700" ind1="1" ind2=" "><marc:subfield code="a">Sancto Ursio, Henricus de,</marc:subfield><marc:subfield code="d">fl. 1480-1508,</marc:subfield><marc:subfield code="e">printer.</marc:subfield></marc:datafield><marc:datafield tag="752" ind1="1" ind2="0"><marc:subfield code="a">Italy</marc:subfield><marc:subfield code="d">Vicenza.</marc:subfield></marc:datafield><marc:datafield tag="600" ind1="0" ind2="0"><marc:subfield code="a">Aristotle.</marc:subfield><marc:subfield code="t">De anima.</marc:subfield></marc:datafield><marc:datafield tag="600" ind1="0" ind2="0"><marc:subfield code="a">Averroës,</marc:subfield><marc:subfield code="d">1126-1198.</marc:subfield><marc:subfield code="t">De substantia orbis.</marc:subfield></marc:datafield><marc:datafield tag="700" ind1="0" ind2="2"><marc:subfield code="a">Jean,</marc:subfield><marc:subfield code="c">de Jandun.</marc:subfield><marc:subfield code="t">De substantia orbis Averrois.</marc:subfield><marc:subfield code="f">1486.</marc:subfield></marc:datafield><marc:datafield tag="856" ind1="4" ind2="1"><marc:subfield code="u">http://luna.folger.edu/luna/servlet/s/d8dvpw</marc:subfield><marc:subfield code="z">Binding images and description for Folger Shakespeare Library INC G25</marc:subfield></marc:datafield><marc:datafield tag="950" ind1=" " ind2=" "><marc:subfield code="l">RARE</marc:subfield><marc:subfield code="i">11/18/94 C</marc:subfield></marc:datafield><marc:datafield tag="998" ind1=" " ind2=" "><marc:subfield code="a">11/18/94</marc:subfield><marc:subfield code="t">c</marc:subfield><marc:subfield code="s">9114</marc:subfield><marc:subfield code="n">DFo</marc:subfield><marc:subfield code="w">DCFG94B3392</marc:subfield><marc:subfield code="d">11/07/94</marc:subfield><marc:subfield code="c">ML</marc:subfield><marc:subfield code="b">MT</marc:subfield><marc:subfield code="l">DCFG</marc:subfield></marc:datafield></marc:record>