
<marc:record><marc:leader>02358cam a2200421 a 4500</marc:leader>
<marc:controlfield tag="001">90329</marc:controlfield>
<marc:controlfield tag="005">20110119170026.0</marc:controlfield><marc:controlfield tag="008">950814s1480    it            000 0 lat d</marc:controlfield><marc:datafield tag="035" ind1=" " ind2=" "><marc:subfield code="9">DCFG95-B1906</marc:subfield></marc:datafield><marc:datafield tag="040" ind1=" " ind2=" "><marc:subfield code="a">DFo</marc:subfield><marc:subfield code="c">DFo</marc:subfield><marc:subfield code="e">dcrb</marc:subfield><marc:subfield code="d">UtOrBLW</marc:subfield></marc:datafield><marc:datafield tag="090" ind1=" " ind2=" "><marc:subfield code="b">INC O122</marc:subfield><marc:subfield code="n">:SL Vol. 2 only.</marc:subfield><marc:subfield code="f">cs190</marc:subfield><marc:subfield code="t">7̃00</marc:subfield><marc:subfield code="t">7̃40</marc:subfield><marc:subfield code="t">7̃96-2</marc:subfield><marc:subfield code="t">7̃97</marc:subfield><marc:subfield code="t">7̃99</marc:subfield><marc:subfield code="i">11/07/95 N</marc:subfield><marc:subfield code="h">08/29/95 C</marc:subfield></marc:datafield><marc:datafield tag="240" ind1="1" ind2="0"><marc:subfield code="a">Works.</marc:subfield><marc:subfield code="f">1480</marc:subfield></marc:datafield><marc:datafield tag="245" ind1="1" ind2="0"><marc:subfield code="a">Barnabas Celsanus Vicentinus habes humanissime lector Opera P. Ouidii a nobis quam accuratissime potuimus emendata ...</marc:subfield></marc:datafield><marc:datafield tag="260" ind1=" " ind2=" "><marc:subfield code="a">[Vicenza] :</marc:subfield><marc:subfield code="b">Nec minus diligenter ab Hermano Leuilapide Vicentiae impressa,</marc:subfield><marc:subfield code="c">1480 pridie Idus Aug. [12 Aug.] ...</marc:subfield></marc:datafield><marc:datafield tag="300" ind1=" " ind2=" "><marc:subfield code="a">[500], [336] p. ;</marc:subfield><marc:subfield code="c">31 cm. (fol.)</marc:subfield></marc:datafield><marc:datafield tag="500" ind1=" " ind2=" "><marc:subfield code="a">In 2 parts: date in colophon of pt. 1 (Opera) : 10 May 1480; pt. 2 (Metamorphoses): 12 Aug. 1480.</marc:subfield></marc:datafield><marc:datafield tag="590" ind1=" " ind2=" "><marc:subfield code="a">Folger copy: pt. 2 only (Metamorphoses).</marc:subfield></marc:datafield><marc:datafield tag="500" ind1=" " ind2=" "><marc:subfield code="a">Title and imprint from colophon of pt. 2 (leaf V7v.)</marc:subfield></marc:datafield><marc:datafield tag="500" ind1=" " ind2=" "><marc:subfield code="a">Signatures: Pt. 1: a¹⁰, b-z⁸, 2a-2h⁸ (leaves a2-a5 signed a-a4); pt. 2: (2-3)⁶, A¹⁰, B-V⁸.</marc:subfield></marc:datafield><marc:datafield tag="500" ind1=" " ind2=" "><marc:subfield code="a">First and last leaves of each pt. are blank.</marc:subfield></marc:datafield><marc:datafield tag="500" ind1=" " ind2=" "><marc:subfield code="a">Capital spaces.</marc:subfield></marc:datafield><marc:datafield tag="510" ind1="4" ind2=" "><marc:subfield code="a">Goff</marc:subfield><marc:subfield code="c">O-131.</marc:subfield></marc:datafield><marc:datafield tag="510" ind1="4" ind2=" "><marc:subfield code="a">BM 15th cent.,</marc:subfield><marc:subfield code="c">VII, p. 1037 (IB.31816)</marc:subfield></marc:datafield><marc:datafield tag="510" ind1="4" ind2=" "><marc:subfield code="a">BN incun.,</marc:subfield><marc:subfield code="c">O-83.</marc:subfield></marc:datafield><marc:datafield tag="590" ind1=" " ind2=" "><marc:subfield code="a">Early manuscript finding notes in margins in brown ink, with brackets, mostly in the 1st four books of the Metamorphoses and interlineary notes of explanation of a few names or words in text, in the hand of Bartholomeus Rudolfius; book numbering added by hand as headlines.</marc:subfield></marc:datafield><marc:datafield tag="590" ind1=" " ind2=" "><marc:subfield code="a">Inscription on front vellum flyleaf: &quot;Hic liber est bartholomei iulianj Rudolfij&quot;; another inscription illegible on same p.</marc:subfield></marc:datafield><marc:datafield tag="590" ind1=" " ind2=" "><marc:subfield code="a">In a later half pigskin binding on marbled paper, retaining vellum leaves from an earlier binding as front and back flyleaves; inscription on fore-edge &quot;XXI&quot; reading from top to lower edge.</marc:subfield></marc:datafield><marc:datafield tag="590" ind1=" " ind2=" "><marc:subfield code="a">Purchased in 1900.</marc:subfield></marc:datafield><marc:datafield tag="655" ind1=" " ind2="7"><marc:subfield code="a">Annotations (Provenance)</marc:subfield><marc:subfield code="2">rbprov</marc:subfield></marc:datafield><marc:datafield tag="700" ind1="1" ind2=" "><marc:subfield code="a">Celsano, Barnaba,</marc:subfield><marc:subfield code="d">fl. 1482.</marc:subfield></marc:datafield><marc:datafield tag="740" ind1="0" ind2=" "><marc:subfield code="a">Metamorphoses.</marc:subfield></marc:datafield><marc:datafield tag="740" ind1="0" ind2=" "><marc:subfield code="a">Opera.</marc:subfield></marc:datafield><marc:datafield tag="700" ind1="1" ind2=" "><marc:subfield code="a">Rudolfius, Bartholomeus Julianus,</marc:subfield><marc:subfield code="e">former owner.</marc:subfield></marc:datafield><marc:datafield tag="700" ind1="1" ind2=" "><marc:subfield code="a">Lichtenstein, Hermann,</marc:subfield><marc:subfield code="d">d. 1494,</marc:subfield><marc:subfield code="e">printer.</marc:subfield></marc:datafield><marc:datafield tag="752" ind1=" " ind2=" "><marc:subfield code="a">Italy</marc:subfield><marc:subfield code="d">Vicenza.</marc:subfield></marc:datafield><marc:datafield tag="100" ind1="0" ind2=" "><marc:subfield code="a">Ovid,</marc:subfield><marc:subfield code="d">43 B.C.-17 or 18 A.D.</marc:subfield></marc:datafield><marc:datafield tag="950" ind1=" " ind2=" "><marc:subfield code="l">RARE</marc:subfield><marc:subfield code="e">copy 3</marc:subfield><marc:subfield code="h">08/29/95 C</marc:subfield></marc:datafield><marc:datafield tag="998" ind1=" " ind2=" "><marc:subfield code="a">11/07/95</marc:subfield><marc:subfield code="t">c</marc:subfield><marc:subfield code="s">9114</marc:subfield><marc:subfield code="n">DFo</marc:subfield><marc:subfield code="w">DCFG95B1906</marc:subfield><marc:subfield code="d">08/14/95</marc:subfield><marc:subfield code="c">ML</marc:subfield><marc:subfield code="b">MT</marc:subfield><marc:subfield code="l">DCFG</marc:subfield></marc:datafield></marc:record>