
<marc:record><marc:leader>03379cam a2200517 a 4500</marc:leader>
<marc:controlfield tag="001">90706</marc:controlfield>
<marc:controlfield tag="005">20120822135555.0</marc:controlfield><marc:controlfield tag="008">960319s1480    it            000 0 lat d</marc:controlfield><marc:datafield tag="035" ind1=" " ind2=" "><marc:subfield code="9">DCFG96-B377</marc:subfield></marc:datafield><marc:datafield tag="040" ind1=" " ind2=" "><marc:subfield code="a">DF0</marc:subfield><marc:subfield code="c">DFo</marc:subfield><marc:subfield code="e">dcrb</marc:subfield><marc:subfield code="d">UtOrBLW</marc:subfield></marc:datafield><marc:datafield tag="090" ind1=" " ind2=" "><marc:subfield code="b">INC T363</marc:subfield><marc:subfield code="i">04/23/96 C</marc:subfield></marc:datafield><marc:datafield tag="100" ind1="1" ind2=" "><marc:subfield code="a">Tortelli, Giovanni,</marc:subfield><marc:subfield code="d">1400-1466.</marc:subfield></marc:datafield><marc:datafield tag="240" ind1="1" ind2="0"><marc:subfield code="a">De orthographia</marc:subfield></marc:datafield><marc:datafield tag="245" ind1="1" ind2="0"><marc:subfield code="a">Ioannis Tortellii Arretini Commentariorum grammaticorum de orthogrphia [sic] dictionum e Graecis tractarum liber primus incipit.</marc:subfield></marc:datafield><marc:datafield tag="260" ind1=" " ind2=" "><marc:subfield code="a">[Vicenza] :</marc:subfield><marc:subfield code="b">Per Hermanum Lichtenstein Coloniensem Vicentiae accuratissime impressum,</marc:subfield><marc:subfield code="c">die ultima mensis Octobris [31 Oct.] anno [1480]</marc:subfield></marc:datafield><marc:datafield tag="300" ind1=" " ind2=" "><marc:subfield code="a">[636] p. ;</marc:subfield><marc:subfield code="c">32 cm. (fol.)</marc:subfield></marc:datafield><marc:datafield tag="500" ind1=" " ind2=" "><marc:subfield code="a">Title from incipit (leaf A3r, signed A2).</marc:subfield></marc:datafield><marc:datafield tag="500" ind1=" " ind2=" "><marc:subfield code="a">Edited by Gerolamo Bologni.</marc:subfield></marc:datafield><marc:datafield tag="500" ind1=" " ind2=" "><marc:subfield code="a">Imprint from colophon (leaf &amp;4r), which gives year of publication in Latin words.</marc:subfield></marc:datafield><marc:datafield tag="500" ind1=" " ind2=" "><marc:subfield code="a">Signatures: A¹⁰, B-O⁸, P⁶, a-s⁸, [2nd]s-z⁸, &amp;⁶ (leaves A2, A3, A4, A5 respectively signed A, A2, A3, A4).</marc:subfield></marc:datafield><marc:datafield tag="500" ind1=" " ind2=" "><marc:subfield code="a">First letter of each paragraph in the vocabulary is set out.</marc:subfield></marc:datafield><marc:datafield tag="500" ind1=" " ind2=" "><marc:subfield code="a">Capital spaces, some with guide letters.</marc:subfield></marc:datafield><marc:datafield tag="500" ind1=" " ind2=" "><marc:subfield code="a">Includes register.</marc:subfield></marc:datafield><marc:datafield tag="500" ind1=" " ind2=" "><marc:subfield code="a">The first and last leaves are blank.</marc:subfield></marc:datafield><marc:datafield tag="510" ind1=" " ind2=" "><marc:subfield code="a">Goff</marc:subfield><marc:subfield code="c">T-398.</marc:subfield></marc:datafield><marc:datafield tag="510" ind1="4" ind2=" "><marc:subfield code="a">BM 15th cent.,</marc:subfield><marc:subfield code="c">VII, p. 1037 (IB.31818).</marc:subfield></marc:datafield><marc:datafield tag="510" ind1="4" ind2=" "><marc:subfield code="a">Hain-Copinger</marc:subfield><marc:subfield code="c">15567*.</marc:subfield></marc:datafield><marc:datafield tag="590" ind1=" " ind2=" "><marc:subfield code="a">Folger copy: last leaf, blank, lacking.</marc:subfield></marc:datafield><marc:datafield tag="590" ind1=" " ind2=" "><marc:subfield code="a">Only a few manuscript notes in margins in brown ink.</marc:subfield></marc:datafield><marc:datafield tag="590" ind1=" " ind2=" "><marc:subfield code="a">Inscription on front flyleaf with drawing of a pointed hand: &quot;L. W. 1492 Fata Viam Invenient, Des Hiet ich nit versehen mich&quot;, repeated on lower edge with a crown and with first initial monogrammed &quot;H[or A?]L D&quot;; also number &quot;8&quot; handwritten on same edge; ownership inscription in lower margin on leaf a2r (signed A): &quot;Joh[ann]is Furstenau[?] doctoris 15[?]72 [...?] Ionas Koerenberg[?]&quot;, and a later inscription &quot;Carmeli Leontini&quot; in upper margin; large shelfmark handwritten in brown ink  on front flyleaf &quot;S 10&quot;; bookplate &quot;Jos: Joh: Oberhueber&quot;; booklabel of George Dunn, with his initials, date &quot;Mar. 1899&quot;, and his bibliographic notes pencilled on front flyleaf (no. 3830 in the Sotheby sale catalog of his library, Nov. 1917); bookplate of W.T. Smedley; purchased in 1924.</marc:subfield></marc:datafield><marc:datafield tag="590" ind1=" " ind2=" "><marc:subfield code="a">In a contemporary quarter suede binding on wooden boards; remains of a clasp on fore-edge, catching on front cover; author name handwritten on upper edge, reading from spine to fore-edge, also handwritten on front cover.</marc:subfield></marc:datafield><marc:datafield tag="650" ind1=" " ind2="0"><marc:subfield code="a">Latin language</marc:subfield><marc:subfield code="v">Dictionaries.</marc:subfield></marc:datafield><marc:datafield tag="650" ind1=" " ind2="0"><marc:subfield code="a">Latin language</marc:subfield><marc:subfield code="x">Grammar.</marc:subfield></marc:datafield><marc:datafield tag="655" ind1=" " ind2="7"><marc:subfield code="a">Sheepskin bindings (Binding)</marc:subfield><marc:subfield code="y">15th century.</marc:subfield><marc:subfield code="2">rbbin</marc:subfield></marc:datafield><marc:datafield tag="700" ind1="1" ind2=" "><marc:subfield code="a">Bologni, Girolamo,</marc:subfield><marc:subfield code="d">1454-1517.</marc:subfield></marc:datafield><marc:datafield tag="700" ind1="1" ind2=" "><marc:subfield code="a">Furstenau, Johannes,</marc:subfield><marc:subfield code="d">fl. 1572,</marc:subfield><marc:subfield code="e">former owner.</marc:subfield></marc:datafield><marc:datafield tag="700" ind1="0" ind2=" "><marc:subfield code="a">L. W.,</marc:subfield><marc:subfield code="d">fl. 1492,</marc:subfield><marc:subfield code="e">former owner.</marc:subfield></marc:datafield><marc:datafield tag="710" ind1="2" ind2=" "><marc:subfield code="a">Carmelites (Lenzen, Germany),</marc:subfield><marc:subfield code="e">former owner.</marc:subfield></marc:datafield><marc:datafield tag="700" ind1="1" ind2=" "><marc:subfield code="a">Oberhueber, Jos. Joh.,</marc:subfield><marc:subfield code="e">former owner.</marc:subfield></marc:datafield><marc:datafield tag="700" ind1="1" ind2=" "><marc:subfield code="a">Dunn, George,</marc:subfield><marc:subfield code="d">1864-1912,</marc:subfield><marc:subfield code="e">former owner.</marc:subfield></marc:datafield><marc:datafield tag="700" ind1="1" ind2=" "><marc:subfield code="a">Smedley, William T.</marc:subfield><marc:subfield code="q">(William Thomas),</marc:subfield><marc:subfield code="d">b. 1851,</marc:subfield><marc:subfield code="e">former owner.</marc:subfield></marc:datafield><marc:datafield tag="700" ind1="1" ind2=" "><marc:subfield code="a">Lichtenstein, Hermann,</marc:subfield><marc:subfield code="d">d. 1494,</marc:subfield><marc:subfield code="e">printer.</marc:subfield></marc:datafield><marc:datafield tag="752" ind1="1" ind2="0"><marc:subfield code="d">Vicenza.</marc:subfield></marc:datafield><marc:datafield tag="856" ind1="4" ind2="1"><marc:subfield code="u">http://luna.folger.edu/luna/servlet/s/2g2c81</marc:subfield><marc:subfield code="z">Binding images and description for Folger Shakespeare Library INC T363</marc:subfield></marc:datafield><marc:datafield tag="950" ind1=" " ind2=" "><marc:subfield code="l">RARE</marc:subfield><marc:subfield code="i">04/23/96 C</marc:subfield></marc:datafield><marc:datafield tag="998" ind1=" " ind2=" "><marc:subfield code="a">04/23/96</marc:subfield><marc:subfield code="t">c</marc:subfield><marc:subfield code="s">9114</marc:subfield><marc:subfield code="n">DFo</marc:subfield><marc:subfield code="w">DCFG96B377</marc:subfield><marc:subfield code="d">03/19/96</marc:subfield><marc:subfield code="c">ML</marc:subfield><marc:subfield code="b">ML</marc:subfield><marc:subfield code="l">DCFG</marc:subfield></marc:datafield></marc:record>