
<marc:record><marc:leader>04160cam a2200565   4500</marc:leader>
<marc:controlfield tag="001">166645</marc:controlfield>
<marc:controlfield tag="005">20110119173742.0</marc:controlfield><marc:controlfield tag="008">920420s1498    enk||||       00| ||eng d</marc:controlfield><marc:datafield tag="035" ind1=" " ind2=" "><marc:subfield code="9">ESTCS116801</marc:subfield></marc:datafield><marc:datafield tag="035" ind1=" " ind2=" "><marc:subfield code="a">166645</marc:subfield></marc:datafield><marc:datafield tag="040" ind1=" " ind2=" "><marc:subfield code="a">Cu-RivES</marc:subfield><marc:subfield code="c">Cu-RivES</marc:subfield><marc:subfield code="d">CStRLIN</marc:subfield><marc:subfield code="e">dcrb</marc:subfield><marc:subfield code="d">UtOrBLW</marc:subfield></marc:datafield><marc:datafield tag="090" ind1=" " ind2=" "><marc:subfield code="h">10/24/96 T</marc:subfield></marc:datafield><marc:datafield tag="100" ind1="1" ind2=" "><marc:subfield code="a">Higden, Ranulf,</marc:subfield><marc:subfield code="d">d. 1364.</marc:subfield></marc:datafield><marc:datafield tag="240" ind1="1" ind2="0"><marc:subfield code="a">Polycronicon.</marc:subfield><marc:subfield code="l">English.</marc:subfield><marc:subfield code="k">Selections</marc:subfield></marc:datafield><marc:datafield tag="245" ind1="1" ind2="4"><marc:subfield code="a">The descrypcyon of Englonde.</marc:subfield><marc:subfield code="b">Here foloweth a lytell treatyse the whiche treateth of the descrypcyon of this londe whiche of olde tyme was named Albyon and after Brytayne and now is called Englonde and speketh of the noblenesse and worthynesse of the same</marc:subfield></marc:datafield><marc:datafield tag="260" ind1=" " ind2=" "><marc:subfield code="a">[Westminster :</marc:subfield><marc:subfield code="b">Printed by Wynkyn de Worde,</marc:subfield><marc:subfield code="c">1498]</marc:subfield></marc:datafield><marc:datafield tag="300" ind1=" " ind2=" "><marc:subfield code="a">[48] p. ;</marc:subfield><marc:subfield code="c">2⁰.</marc:subfield></marc:datafield><marc:datafield tag="500" ind1=" " ind2=" "><marc:subfield code="a">Imprint from colophon, which reads: Here endeth the descrypcyon of Brytayne .. therfore I haue sette the desrypcyon [sic] of the same after the sayd Brytayne, whiche I haue taken out of Polycronycon. And by cause it is necessarye to all Englysshmen to knowe the propretees co[m]modytees and meruaylles of them, therfore I William Caxton haue them sette fyrste in enprynte accordynge to the translac[i]on of Treuisa, whiche atte request of the lorde Barkeley translated the boke of Polycronycon in to Englysshe. Fynysshed and enprynted at Westmestre by me Wynken de worde, the yere of our lorde a. M.CCCC. and foure score and .xviij.</marc:subfield></marc:datafield><marc:datafield tag="500" ind1=" " ind2=" "><marc:subfield code="a">The &quot;Polycronicon&quot; is by Ranulf Higden.</marc:subfield></marc:datafield><marc:datafield tag="500" ind1=" " ind2=" "><marc:subfield code="a">With a title-page woodcut.</marc:subfield></marc:datafield><marc:datafield tag="500" ind1=" " ind2=" "><marc:subfield code="a">Signatures: A-D⁶.</marc:subfield></marc:datafield><marc:datafield tag="500" ind1=" " ind2=" "><marc:subfield code="a">Generally considered pt. II of Saint Albans chronicle, STC 9996.</marc:subfield></marc:datafield><marc:datafield tag="509" ind1=" " ind2=" "><marc:subfield code="a">RPM 10/24/96</marc:subfield></marc:datafield><marc:datafield tag="510" ind1="4" ind2=" "><marc:subfield code="a">STC (2nd ed.),</marc:subfield><marc:subfield code="c">13440b</marc:subfield></marc:datafield><marc:datafield tag="510" ind1="4" ind2=" "><marc:subfield code="a">Duff,</marc:subfield><marc:subfield code="c">114</marc:subfield></marc:datafield><marc:datafield tag="510" ind1="4" ind2=" "><marc:subfield code="a">GW,</marc:subfield><marc:subfield code="c">6675 (II)</marc:subfield></marc:datafield><marc:datafield tag="510" ind1="4" ind2=" "><marc:subfield code="a">ESTC (RLIN)</marc:subfield><marc:subfield code="c">S116801</marc:subfield></marc:datafield><marc:datafield tag="651" ind1=" " ind2="0"><marc:subfield code="a">Great Britain</marc:subfield><marc:subfield code="x">Description and travel</marc:subfield><marc:subfield code="v">Early works to 1800.</marc:subfield></marc:datafield><marc:datafield tag="655" ind1=" " ind2="7"><marc:subfield code="a">Annotations (Provenance)</marc:subfield><marc:subfield code="2">rbprov</marc:subfield></marc:datafield><marc:datafield tag="700" ind1="1" ind2=" "><marc:subfield code="a">Trevisa, John,</marc:subfield><marc:subfield code="d">d. 1402.</marc:subfield></marc:datafield><marc:datafield tag="700" ind1="1" ind2=" "><marc:subfield code="a">Worde, Wynkyn de,</marc:subfield><marc:subfield code="d">d. 1534?,</marc:subfield><marc:subfield code="e">printer.</marc:subfield></marc:datafield><marc:datafield tag="700" ind1="1" ind2=" "><marc:subfield code="a">Harmsworth, R. Leicester</marc:subfield><marc:subfield code="q">(Robert Leicester),</marc:subfield><marc:subfield code="c">Sir,</marc:subfield><marc:subfield code="d">1870-1937,</marc:subfield><marc:subfield code="e">former owner.</marc:subfield><marc:subfield code="5">DFo</marc:subfield></marc:datafield><marc:datafield tag="700" ind1="1" ind2=" "><marc:subfield code="a">Elliot, Walter,</marc:subfield><marc:subfield code="d">1803-1887,</marc:subfield><marc:subfield code="e">former owner.</marc:subfield><marc:subfield code="5">DFo</marc:subfield></marc:datafield><marc:datafield tag="700" ind1="1" ind2=" "><marc:subfield code="a">Renwick, Robert,</marc:subfield><marc:subfield code="d">18th cent.,</marc:subfield><marc:subfield code="e">former owner.</marc:subfield><marc:subfield code="5">DFo</marc:subfield></marc:datafield><marc:datafield tag="700" ind1="1" ind2=" "><marc:subfield code="a">Scott, James,</marc:subfield><marc:subfield code="d">18th cent.,</marc:subfield><marc:subfield code="e">former owner.</marc:subfield><marc:subfield code="5">DFo</marc:subfield></marc:datafield><marc:datafield tag="700" ind1="1" ind2=" "><marc:subfield code="a">Wills, John,</marc:subfield><marc:subfield code="e">former owner.</marc:subfield><marc:subfield code="5">DFo</marc:subfield></marc:datafield><marc:datafield tag="700" ind1="1" ind2=" "><marc:subfield code="a">Whit, Wiliam,</marc:subfield><marc:subfield code="e">former owner.</marc:subfield><marc:subfield code="5">DFo</marc:subfield></marc:datafield><marc:datafield tag="700" ind1="1" ind2=" "><marc:subfield code="a">Perkyns, Thom,</marc:subfield><marc:subfield code="e">former owner.</marc:subfield><marc:subfield code="5">DFo</marc:subfield></marc:datafield><marc:datafield tag="700" ind1="1" ind2=" "><marc:subfield code="a">Roden, Robert Jocelyn,</marc:subfield><marc:subfield code="c">Earl of,</marc:subfield><marc:subfield code="d">1731-1797,</marc:subfield><marc:subfield code="e">former owner.</marc:subfield><marc:subfield code="5">DFo</marc:subfield></marc:datafield><marc:datafield tag="700" ind1="1" ind2=" "><marc:subfield code="a">Oliver, William,</marc:subfield><marc:subfield code="e">former owner.</marc:subfield><marc:subfield code="5">DFo</marc:subfield></marc:datafield><marc:datafield tag="700" ind1="1" ind2=" "><marc:subfield code="a">Stow, John,</marc:subfield><marc:subfield code="d">1525?-1605,</marc:subfield><marc:subfield code="e">former owner.</marc:subfield><marc:subfield code="5">DFo</marc:subfield></marc:datafield><marc:datafield tag="752" ind1=" " ind2=" "><marc:subfield code="a">England</marc:subfield><marc:subfield code="d">London.</marc:subfield></marc:datafield><marc:datafield tag="852" ind1=" " ind2=" "><marc:subfield code="a">DFo</marc:subfield><marc:subfield code="h">STC 9996 Copy 1 Part 2</marc:subfield><marc:subfield code="8">1</marc:subfield></marc:datafield><marc:datafield tag="859" ind1=" " ind2=" "><marc:subfield code="p">N</marc:subfield><marc:subfield code="r">N</marc:subfield><marc:subfield code="l">DFo</marc:subfield><marc:subfield code="v">Y</marc:subfield><marc:subfield code="d">08-24-00</marc:subfield><marc:subfield code="c">SMT</marc:subfield><marc:subfield code="b">SMT</marc:subfield><marc:subfield code="d">02-21-04</marc:subfield><marc:subfield code="c">DJL</marc:subfield></marc:datafield><marc:datafield tag="852" ind1=" " ind2=" "><marc:subfield code="a">DFo</marc:subfield><marc:subfield code="h">STC 9996 Copy 2 Part 2</marc:subfield><marc:subfield code="8">2</marc:subfield></marc:datafield><marc:datafield tag="859" ind1=" " ind2=" "><marc:subfield code="p">N</marc:subfield><marc:subfield code="r">N</marc:subfield><marc:subfield code="l">DFo</marc:subfield><marc:subfield code="v">Y</marc:subfield><marc:subfield code="d">06-16-99</marc:subfield><marc:subfield code="c">SMT</marc:subfield><marc:subfield code="b">SMT</marc:subfield><marc:subfield code="d">02-21-04</marc:subfield><marc:subfield code="c">DJL</marc:subfield></marc:datafield><marc:datafield tag="876" ind1=" " ind2=" "><marc:subfield code="z">HH53/12. MS. notes at end of colophon. Stained; some leaves torn and repaired. Bound as part 2 of STC 9996 copy 2. Provenance: inscriptions below colophon on D6r: 'Thys his Thom p[er]kyns booke' and 'Jhon Stowe yoman of the W [?]'; on front pastedown is printed label with shelfmark added in brown ink: 'Case B Shelf 13'; bookplate of Earl of Roden; Harmsworth copy</marc:subfield></marc:datafield><marc:datafield tag="876" ind1=" " ind2=" "><marc:subfield code="z">HH53/11. Imperfect: wanting leaves C1, C3-4, D4-6, all supplied in MS.; some leaves frayed and repaired; stained. Some ms. notes in margins: tipped in at front are: a leaf containing bibliographical information about the volume signed by George Bullen of the British Museum and 2 letters from Bullen to Sir Walter Elliott, all dated 1876. Bound as part 2 of STC 9996 copy 1. Provenance: inscription on C5v: 'Robert Renwick this belongs to 1759'; letter tipped in at front from previous owner William Oliver to 'Sir Walter Elliott K.C.S.I. of Wolfelee, Hawick', dated January 1874, offers speculation about other former owners; Sotheby sale, 29-30 April 1920:433; collated by Max Privett at Quaritch, 5 May 1920; George Henderson - William Oliver - Sir Walter Elliott - Harmsworth copy</marc:subfield></marc:datafield><marc:datafield tag="967" ind1=" " ind2=" "><marc:subfield code="a">z</marc:subfield><marc:subfield code="c">n</marc:subfield></marc:datafield><marc:datafield tag="998" ind1=" " ind2=" "><marc:subfield code="a">08/24/00</marc:subfield><marc:subfield code="t">c</marc:subfield><marc:subfield code="s">9125</marc:subfield><marc:subfield code="n">DFo</marc:subfield><marc:subfield code="w">ESTCS116801</marc:subfield><marc:subfield code="d">08/24/00</marc:subfield><marc:subfield code="i">000824</marc:subfield><marc:subfield code="h">991128</marc:subfield><marc:subfield code="l">ESTC</marc:subfield></marc:datafield></marc:record>