
<marc:record><marc:leader>03911cam a2200661   4500</marc:leader>
<marc:controlfield tag="001">161534</marc:controlfield>
<marc:controlfield tag="005">20111108173528.0</marc:controlfield><marc:controlfield tag="008">910503s1482    enk||||       00| ||eng d</marc:controlfield><marc:datafield tag="035" ind1=" " ind2=" "><marc:subfield code="9">ESTCS106586</marc:subfield></marc:datafield><marc:datafield tag="035" ind1=" " ind2=" "><marc:subfield code="a">161534</marc:subfield></marc:datafield><marc:datafield tag="040" ind1=" " ind2=" "><marc:subfield code="a">Cu-RivES</marc:subfield><marc:subfield code="c">Cu-RivES</marc:subfield><marc:subfield code="d">CStRLIN</marc:subfield><marc:subfield code="d">Cu-RivES</marc:subfield><marc:subfield code="e">dcrb</marc:subfield><marc:subfield code="d">UtOrBLW</marc:subfield></marc:datafield><marc:datafield tag="090" ind1=" " ind2=" "><marc:subfield code="i">11/24/97 T</marc:subfield><marc:subfield code="h">10/24/96 T</marc:subfield></marc:datafield><marc:datafield tag="100" ind1="1" ind2=" "><marc:subfield code="a">Higden, Ranulf,</marc:subfield><marc:subfield code="d">d. 1364.</marc:subfield></marc:datafield><marc:datafield tag="240" ind1="1" ind2="0"><marc:subfield code="a">Polycronicon.</marc:subfield><marc:subfield code="l">English</marc:subfield></marc:datafield><marc:datafield tag="245" ind1="1" ind2="0"><marc:subfield code="a">Prolicionycion [sic]</marc:subfield></marc:datafield><marc:datafield tag="246" ind1="3" ind2=" "><marc:subfield code="a">Prohemye grete thankynges lawde and honoure we merytoryously ben bounde to yelde and offre vnto wryters of hystoryes</marc:subfield></marc:datafield><marc:datafield tag="246" ind1="3" ind2=" "><marc:subfield code="a">Grete thankynges lawde and honoure we merytoryously ben bounde to yelde and offre unto wryters of hystoryes</marc:subfield></marc:datafield><marc:datafield tag="246" ind1="3" ind2=" "><marc:subfield code="a">Syth the tyme that the grete and high tonr of babilone was bylded</marc:subfield></marc:datafield><marc:datafield tag="260" ind1=" " ind2=" "><marc:subfield code="a">[Westminster :</marc:subfield><marc:subfield code="b">printed by William Caxton,</marc:subfield><marc:subfield code="c">after 2 July 1482]</marc:subfield></marc:datafield><marc:datafield tag="300" ind1=" " ind2=" "><marc:subfield code="a">[20], CCxxv, [1], CCxxxi-CCCCxxviij [i.e. 430] leaves ;</marc:subfield><marc:subfield code="c">2⁰.</marc:subfield></marc:datafield><marc:datafield tag="500" ind1=" " ind2=" "><marc:subfield code="a">By Ranulf Higden. An English translation by John Trevisa. Edited and with a continuation by William Caxton. All three individuals are named on a3v.</marc:subfield></marc:datafield><marc:datafield tag="500" ind1=" " ind2=" "><marc:subfield code="a">Caxton's continuation is reprinted from &quot;The chronicles of England&quot;, STC 9991.</marc:subfield></marc:datafield><marc:datafield tag="500" ind1=" " ind2=" "><marc:subfield code="a">Caption title, &quot;1&quot;6r.</marc:subfield></marc:datafield><marc:datafield tag="500" ind1=" " ind2=" "><marc:subfield code="a">Colophon (referring to the preparation of the text) reads: ... ended the second day of Iuyll the xxij yere of the regne of kynge Edwardthe [sic] fourth [and] of the Incarnacion of oure lord a thousand four honderd foure score and tweyne, fynysshed per Caxton.</marc:subfield></marc:datafield><marc:datafield tag="500" ind1=" " ind2=" "><marc:subfield code="a">Opening of text, a2r: &quot;Prohemye gRete thankynges lawde [and] honoure we merytoryously ben bounde to yelde and offre vnto wryters of hystoryes ...&quot;; &quot;1&quot;2r: &quot;sYth the tyme that the grete and high tonr [sic] of babilone was bylded ...&quot;.</marc:subfield></marc:datafield><marc:datafield tag="500" ind1=" " ind2=" "><marc:subfield code="a">Signatures: a-b⁸ C⁴; 1-28⁸ chi² 29-48⁸ 49⁴ 50⁸ 52-55⁸.</marc:subfield></marc:datafield><marc:datafield tag="500" ind1=" " ind2=" "><marc:subfield code="a">Includes index.</marc:subfield></marc:datafield><marc:datafield tag="500" ind1=" " ind2=" "><marc:subfield code="a">Capital spaces with guide letters.</marc:subfield></marc:datafield><marc:datafield tag="500" ind1=" " ind2=" "><marc:subfield code="a">The first leaf and the last leaf are blank.</marc:subfield></marc:datafield><marc:datafield tag="500" ind1=" " ind2=" "><marc:subfield code="a">Numerous errors in foliation.</marc:subfield></marc:datafield><marc:datafield tag="509" ind1=" " ind2=" "><marc:subfield code="a">&quot;1&quot;1,5, chi2 blank. L copy filmed on UMI &quot;Tract supplement&quot; reel E1 (Harl. 5919[149]): leaf CCClxxxxi only.</marc:subfield></marc:datafield><marc:datafield tag="509" ind1=" " ind2=" "><marc:subfield code="a">RPM 10/24/96</marc:subfield></marc:datafield><marc:datafield tag="510" ind1="4" ind2=" "><marc:subfield code="a">STC (2nd ed.),</marc:subfield><marc:subfield code="c">13438</marc:subfield></marc:datafield><marc:datafield tag="510" ind1="4" ind2=" "><marc:subfield code="a">Goff</marc:subfield><marc:subfield code="c">H-267</marc:subfield></marc:datafield><marc:datafield tag="510" ind1="4" ind2=" "><marc:subfield code="a">Hain,</marc:subfield><marc:subfield code="c">8659</marc:subfield></marc:datafield><marc:datafield tag="510" ind1="4" ind2=" "><marc:subfield code="a">Duff,</marc:subfield><marc:subfield code="c">172</marc:subfield></marc:datafield><marc:datafield tag="510" ind1="4" ind2=" "><marc:subfield code="a">Needham, P.  Printer &amp; the pardoner,</marc:subfield><marc:subfield code="c">Cx 52</marc:subfield></marc:datafield><marc:datafield tag="510" ind1="4" ind2=" "><marc:subfield code="a">Pforzheimer,</marc:subfield><marc:subfield code="c">489</marc:subfield></marc:datafield><marc:datafield tag="510" ind1="4" ind2=" "><marc:subfield code="a">ESTC (RLIN)</marc:subfield><marc:subfield code="c">S106586</marc:subfield></marc:datafield><marc:datafield tag="510" ind1="4" ind2=" "><marc:subfield code="a">Ricci, S. de. Census of Caxtons</marc:subfield><marc:subfield code="c">49.22</marc:subfield></marc:datafield><marc:datafield tag="650" ind1=" " ind2="0"><marc:subfield code="a">Geography</marc:subfield><marc:subfield code="v">Early works to 1800.</marc:subfield></marc:datafield><marc:datafield tag="650" ind1=" " ind2="0"><marc:subfield code="a">World history</marc:subfield><marc:subfield code="v">Early works to 1800.</marc:subfield></marc:datafield><marc:datafield tag="651" ind1=" " ind2="0"><marc:subfield code="a">Great Britain</marc:subfield><marc:subfield code="x">Description and travel.</marc:subfield></marc:datafield><marc:datafield tag="655" ind1=" " ind2="7"><marc:subfield code="a">Annotations (Provenance)</marc:subfield><marc:subfield code="2">rbprov</marc:subfield></marc:datafield><marc:datafield tag="655" ind1=" " ind2="7"><marc:subfield code="a">Fists (Provenance)</marc:subfield><marc:subfield code="2">rbprov</marc:subfield></marc:datafield><marc:datafield tag="700" ind1="1" ind2=" "><marc:subfield code="a">Trevisa, John,</marc:subfield><marc:subfield code="d">d. 1402.</marc:subfield></marc:datafield><marc:datafield tag="700" ind1="1" ind2=" "><marc:subfield code="a">Caxton, William,</marc:subfield><marc:subfield code="d">ca. 1422-1491 or 2.</marc:subfield></marc:datafield><marc:datafield tag="700" ind1="1" ind2=" "><marc:subfield code="a">ffothergill, William,</marc:subfield><marc:subfield code="d">fl. 1565,</marc:subfield><marc:subfield code="e">former owner.</marc:subfield><marc:subfield code="5">DFo</marc:subfield></marc:datafield><marc:datafield tag="700" ind1="1" ind2=" "><marc:subfield code="a">Singer, Joseph,</marc:subfield><marc:subfield code="e">former owner.</marc:subfield><marc:subfield code="5">DFo</marc:subfield></marc:datafield><marc:datafield tag="700" ind1="1" ind2=" "><marc:subfield code="a">Caxton, William,</marc:subfield><marc:subfield code="d">ca. 1422-1491 or 2,</marc:subfield><marc:subfield code="e">printer.</marc:subfield></marc:datafield><marc:datafield tag="700" ind1="1" ind2=" "><marc:subfield code="a">Harmsworth, R. Leicester</marc:subfield><marc:subfield code="q">(Robert Leicester),</marc:subfield><marc:subfield code="c">Sir,</marc:subfield><marc:subfield code="d">1870-1937,</marc:subfield><marc:subfield code="e">former owner.</marc:subfield><marc:subfield code="5">DFo</marc:subfield></marc:datafield><marc:datafield tag="752" ind1=" " ind2=" "><marc:subfield code="a">England</marc:subfield><marc:subfield code="d">Westminster.</marc:subfield></marc:datafield><marc:datafield tag="852" ind1=" " ind2=" "><marc:subfield code="a">DFo</marc:subfield><marc:subfield code="h">STC 13438</marc:subfield><marc:subfield code="8">1</marc:subfield></marc:datafield><marc:datafield tag="859" ind1=" " ind2=" "><marc:subfield code="p">N</marc:subfield><marc:subfield code="r">N</marc:subfield><marc:subfield code="l">DFo</marc:subfield><marc:subfield code="v">Y</marc:subfield><marc:subfield code="d">07-15-02</marc:subfield><marc:subfield code="c">KKT</marc:subfield><marc:subfield code="b">ST</marc:subfield></marc:datafield><marc:datafield tag="876" ind1=" " ind2=" "><marc:subfield code="z">HH112/4. Imperfect: lacking leaves a1-8, C1-4, chi2, '49'4, '52'7-8 and gatherings '53'-'55'. Initials and paragraphs rubricated. Contemporary MS. notes and markings, including fists; some in red ink. Blind stamped sheepskin? binding, with suede and metal clasps and paper spine label; housed in red morocco case made by Riviere &amp; Son. Provenance: inscriptions on '1'1r: &quot;Willim [William] [Rothewill?]&quot;; on b1r: &quot;Liber Josephi Singer&quot;; on '1'1r: &quot;Jo: Singer Book&quot;; MS. paper spine label reads: &quot;Caxton. Mr. Horwood.&quot;; Harmsworth copy</marc:subfield></marc:datafield><marc:datafield tag="710" ind1="2" ind2=" "><marc:subfield code="a">Riviere &amp; Son,</marc:subfield><marc:subfield code="e">binder.</marc:subfield><marc:subfield code="5">DFo</marc:subfield></marc:datafield><marc:datafield tag="967" ind1=" " ind2=" "><marc:subfield code="a">z</marc:subfield><marc:subfield code="c">n</marc:subfield></marc:datafield><marc:datafield tag="998" ind1=" " ind2=" "><marc:subfield code="a">10/16/03</marc:subfield><marc:subfield code="t">c</marc:subfield><marc:subfield code="s">9125</marc:subfield><marc:subfield code="n">CU-RivES</marc:subfield><marc:subfield code="w">ESTCS106586</marc:subfield><marc:subfield code="d">08/18/02</marc:subfield><marc:subfield code="i">031016</marc:subfield><marc:subfield code="h">971124</marc:subfield><marc:subfield code="l">ESTC</marc:subfield></marc:datafield></marc:record>