
<marc:record><marc:leader>02724cam a2200397 a 4500</marc:leader>
<marc:controlfield tag="001">92466</marc:controlfield>
<marc:controlfield tag="005">20110119170152.0</marc:controlfield><marc:controlfield tag="008">960619s1494    enka          000 0 eng d</marc:controlfield><marc:datafield tag="035" ind1=" " ind2=" "><marc:subfield code="a">(CStRLIN)DCFG96-B1304</marc:subfield></marc:datafield><marc:datafield tag="040" ind1=" " ind2=" "><marc:subfield code="a">DFo</marc:subfield><marc:subfield code="c">DFo</marc:subfield><marc:subfield code="e">dcrb</marc:subfield><marc:subfield code="d">DFo</marc:subfield></marc:datafield><marc:datafield tag="100" ind1="1" ind2=" "><marc:subfield code="a">Hilton, Walter,</marc:subfield><marc:subfield code="d">d. 1396.</marc:subfield></marc:datafield><marc:datafield tag="240" ind1="1" ind2="0"><marc:subfield code="a">Scale of perfection.</marc:subfield><marc:subfield code="l">English</marc:subfield></marc:datafield><marc:datafield tag="245" ind1="1" ind2="0"><marc:subfield code="a">Scala perfecc[i]onis.</marc:subfield></marc:datafield><marc:datafield tag="246" ind1="3" ind2=" "><marc:subfield code="a">Scala perfeccionis</marc:subfield></marc:datafield><marc:datafield tag="246" ind1="3" ind2=" "><marc:subfield code="a">Scala perfectionis</marc:subfield></marc:datafield><marc:datafield tag="246" ind1="3" ind2=" "><marc:subfield code="a">Scala perfecconis</marc:subfield></marc:datafield><marc:datafield tag="246" ind1="1" ind2=" "><marc:subfield code="i">Text, a2r, begins:</marc:subfield><marc:subfield code="a">Cap[itu]la prime partis, Here begynnen the chapytours of this present volume of Waltere Hylton, namyd in laten Scala perfecc[i]onis, englisshed the ladder of perfecc[i]on</marc:subfield></marc:datafield><marc:datafield tag="260" ind1=" " ind2=" "><marc:subfield code="a">[Westminster :</marc:subfield><marc:subfield code="b">Wynkyn de Worde],</marc:subfield><marc:subfield code="c">1494.</marc:subfield></marc:datafield><marc:datafield tag="300" ind1=" " ind2=" "><marc:subfield code="a">[298] p. :</marc:subfield><marc:subfield code="b">1 ill. (woodcut);</marc:subfield><marc:subfield code="c">27 cm. (fol.)</marc:subfield></marc:datafield><marc:datafield tag="500" ind1=" " ind2=" "><marc:subfield code="a">Envoi and colophon, leaf following s4, read: .. and Wynkyn de Worde this hath sett in prynt in Willyam Caxstons hows .. Finit felicit[er] liber intitulatus Scala perfeccionis inpressus a[n]no salutis· M.cccc.lxxxxiiii.</marc:subfield></marc:datafield><marc:datafield tag="500" ind1=" " ind2=" "><marc:subfield code="a">&quot;Here begynneth the table of the thyrde booke of Water [sic] Hylton named Vita mixta or scala perfeccionis&quot;, caption title, A1r. This book is lacking in most copies; its presence may constitute a later state.</marc:subfield></marc:datafield><marc:datafield tag="500" ind1=" " ind2=" "><marc:subfield code="a">Signatures: Signatures: a⁴ b-q⁸ r⁶ s⁴ chi1 A⁸ B⁶. Gathering m mis-signed 'k'.</marc:subfield></marc:datafield><marc:datafield tag="510" ind1="4" ind2=" "><marc:subfield code="a">ESTC (RLIN)</marc:subfield><marc:subfield code="c">S106485</marc:subfield></marc:datafield><marc:datafield tag="510" ind1="4" ind2=" "><marc:subfield code="a">STC (2nd ed.)</marc:subfield><marc:subfield code="c">14042</marc:subfield></marc:datafield><marc:datafield tag="510" ind1="4" ind2=" "><marc:subfield code="a">Duff</marc:subfield><marc:subfield code="c">203</marc:subfield></marc:datafield><marc:datafield tag="510" ind1="4" ind2=" "><marc:subfield code="a">Goff</marc:subfield><marc:subfield code="c">H-564</marc:subfield></marc:datafield><marc:datafield tag="650" ind1=" " ind2="0"><marc:subfield code="a">Spiritual life</marc:subfield><marc:subfield code="x">Christianity</marc:subfield><marc:subfield code="x">History of doctrines</marc:subfield><marc:subfield code="y">Middle Ages, 600-1500.</marc:subfield></marc:datafield><marc:datafield tag="700" ind1="1" ind2=" "><marc:subfield code="a">Clarke, Jone,</marc:subfield><marc:subfield code="e">signer.</marc:subfield><marc:subfield code="5">DFo</marc:subfield></marc:datafield><marc:datafield tag="700" ind1="1" ind2=" "><marc:subfield code="a">Crawford, William Horatio,</marc:subfield><marc:subfield code="d">1815?-1888,</marc:subfield><marc:subfield code="e">former owner.</marc:subfield><marc:subfield code="5">DFo</marc:subfield></marc:datafield><marc:datafield tag="710" ind1="2" ind2=" "><marc:subfield code="a">Britwell Court Library,</marc:subfield><marc:subfield code="e">former owner.</marc:subfield><marc:subfield code="5">DFo</marc:subfield></marc:datafield><marc:datafield tag="700" ind1="1" ind2=" "><marc:subfield code="a">Harmsworth, R. Leicester</marc:subfield><marc:subfield code="q">(Robert Leicester),</marc:subfield><marc:subfield code="c">Sir,</marc:subfield><marc:subfield code="d">1870-1937,</marc:subfield><marc:subfield code="e">former owner.</marc:subfield><marc:subfield code="5">DFo</marc:subfield></marc:datafield><marc:datafield tag="700" ind1="1" ind2=" "><marc:subfield code="a">Worde, Wynkyn de,</marc:subfield><marc:subfield code="d">d. 1534?,</marc:subfield><marc:subfield code="e">printer.</marc:subfield><marc:subfield code="5">DFo</marc:subfield></marc:datafield><marc:datafield tag="752" ind1=" " ind2=" "><marc:subfield code="a">England</marc:subfield><marc:subfield code="d">Westminster.</marc:subfield></marc:datafield><marc:datafield tag="856" ind1="4" ind2="1"><marc:subfield code="u">http://gateway.proquest.com/openurl?ctx_ver=Z39.88-2003&amp;res_id=xri:eebo&amp;rft_id=xri:eebo:image:6834</marc:subfield><marc:subfield code="z">Reproduction of British Library copy.</marc:subfield></marc:datafield><marc:datafield tag="852" ind1="8" ind2=" "><marc:subfield code="a">DFo</marc:subfield><marc:subfield code="b">DeckB-STC</marc:subfield><marc:subfield code="h">STC 14042</marc:subfield><marc:subfield code="j">HH112/24</marc:subfield><marc:subfield code="x">CIN=ML CIN=KKT</marc:subfield></marc:datafield><marc:datafield tag="876" ind1=" " ind2=" "><marc:subfield code="z">Imperfect: wanting gathering a, supplied in facsimile; wanting Book 3 (all after chi1) wanting.  Leaf b1 inlaid. Repaired at margins, slightly affecting text. In a Russia leather binding with gold tooling. Provenance:  Autograph on leaf s5r &quot;Jone Clarke&quot; and inscription in same handwriting on leaf q8r &quot;I prey for the Rev[?] Jone Stafforton&quot;; armorial bookplate of William Horatio Crawford (motto &quot;durum patientia frango&quot;); Britwell Court copy (with MS. pencilled note &quot;Britwell sale May 1920:254&quot;); collated by Max Privett at Quaritch, 26 May 1920; Harmsworth copy</marc:subfield></marc:datafield></marc:record>