
<marc:record><marc:leader>03597cam a2200553 a 4500</marc:leader>
<marc:controlfield tag="001">90964</marc:controlfield>
<marc:controlfield tag="005">20120326135456.0</marc:controlfield><marc:controlfield tag="008">960506s1495    enka          000 0 eng d</marc:controlfield><marc:datafield tag="035" ind1=" " ind2=" "><marc:subfield code="9">DCFG96-B871</marc:subfield></marc:datafield><marc:datafield tag="040" ind1=" " ind2=" "><marc:subfield code="a">RPB</marc:subfield><marc:subfield code="c">RPB</marc:subfield><marc:subfield code="d">RPB</marc:subfield><marc:subfield code="d">DFo</marc:subfield><marc:subfield code="e">dcrb</marc:subfield><marc:subfield code="d">UtOrBLW</marc:subfield></marc:datafield><marc:datafield tag="041" ind1="1" ind2=" "><marc:subfield code="a">eng</marc:subfield><marc:subfield code="h">lat</marc:subfield></marc:datafield><marc:datafield tag="240" ind1="1" ind2="0"><marc:subfield code="a">De proprietatibus rerum.</marc:subfield><marc:subfield code="l">English</marc:subfield></marc:datafield><marc:datafield tag="245" ind1="1" ind2="0"><marc:subfield code="a">Bartholomeu[s] De proprietatib[us] re[rum].</marc:subfield></marc:datafield><marc:datafield tag="246" ind1="3" ind2=" "><marc:subfield code="a">Bartholomeus De proprietatibus rerum</marc:subfield></marc:datafield><marc:datafield tag="246" ind1="3" ind2=" "><marc:subfield code="a">Bartholomeu De proprietatib re</marc:subfield></marc:datafield><marc:datafield tag="246" ind1="3" ind2="0"><marc:subfield code="a">De proprietatibus rerum</marc:subfield></marc:datafield><marc:datafield tag="260" ind1=" " ind2=" "><marc:subfield code="a">[Westminster :</marc:subfield><marc:subfield code="b">Wynkyn de Worde,</marc:subfield><marc:subfield code="c">1495]</marc:subfield></marc:datafield><marc:datafield tag="300" ind1=" " ind2=" "><marc:subfield code="a">[956] p. :</marc:subfield><marc:subfield code="b">ill. (woodcuts) ;</marc:subfield><marc:subfield code="c">30 cm. (fol.)</marc:subfield></marc:datafield><marc:datafield tag="500" ind1=" " ind2=" "><marc:subfield code="a">Translated from the Latin by John Trevisa in 1398.</marc:subfield></marc:datafield><marc:datafield tag="500" ind1=" " ind2=" "><marc:subfield code="a">Sometimes erroneously attributed to Bartholomaeus de Glanvilla.</marc:subfield></marc:datafield><marc:datafield tag="500" ind1=" " ind2=" "><marc:subfield code="a">Caption title, A2r: Prologue of the translatour. True it is· that after the noble [and] experte doctryne ...</marc:subfield></marc:datafield><marc:datafield tag="500" ind1=" " ind2=" "><marc:subfield code="a">Imprint from STC; the last leaf contains William Caxton's device, and on the verso a repetition of the t.p.</marc:subfield></marc:datafield><marc:datafield tag="500" ind1=" " ind2=" "><marc:subfield code="a">Signatures: [superscript pi]A⁶ [superscript pi]B⁸ b⁶ c-z⁸ [et]⁶ [con]⁸ A-V⁸ X-Z⁶ 2a-2c⁸ 2d-2g⁶ 2h-2m⁸ 2n⁴ 2o⁶.</marc:subfield></marc:datafield><marc:datafield tag="510" ind1="4" ind2=" "><marc:subfield code="a">ESTC (RLIN)</marc:subfield><marc:subfield code="c">S106554</marc:subfield></marc:datafield><marc:datafield tag="500" ind1=" " ind2=" "><marc:subfield code="a">Leaf A6 is blank.</marc:subfield></marc:datafield><marc:datafield tag="500" ind1=" " ind2=" "><marc:subfield code="a">Woodcut capitals.</marc:subfield></marc:datafield><marc:datafield tag="500" ind1=" " ind2=" "><marc:subfield code="a">Printed in 2 columns.</marc:subfield></marc:datafield><marc:datafield tag="510" ind1="4" ind2=" "><marc:subfield code="a">STC (2nd ed)</marc:subfield><marc:subfield code="c">1536</marc:subfield></marc:datafield><marc:datafield tag="510" ind1="4" ind2=" "><marc:subfield code="a">Goff</marc:subfield><marc:subfield code="c">B-143</marc:subfield></marc:datafield><marc:datafield tag="510" ind1="4" ind2=" "><marc:subfield code="a">Duff</marc:subfield><marc:subfield code="c">40</marc:subfield></marc:datafield><marc:datafield tag="510" ind1="4" ind2=" "><marc:subfield code="a">GW</marc:subfield><marc:subfield code="c">3414</marc:subfield></marc:datafield><marc:datafield tag="585" ind1=" " ind2=" "><marc:subfield code="a">Washington, D.C., Folger Shakespeare Library, 1991. Reign of the Horse (p. 62)</marc:subfield><marc:subfield code="5">DFo</marc:subfield></marc:datafield><marc:datafield tag="650" ind1=" " ind2="0"><marc:subfield code="a">Encyclopedias and dictionaries</marc:subfield><marc:subfield code="v">Early works to 1600.</marc:subfield></marc:datafield><marc:datafield tag="650" ind1=" " ind2="0"><marc:subfield code="a">Science, Medieval.</marc:subfield></marc:datafield><marc:datafield tag="650" ind1=" " ind2="0"><marc:subfield code="a">Civilization, Medieval.</marc:subfield></marc:datafield><marc:datafield tag="655" ind1=" " ind2="7"><marc:subfield code="a">Annotations (Provenance)</marc:subfield><marc:subfield code="2">rbprov</marc:subfield></marc:datafield><marc:datafield tag="700" ind1="1" ind2=" "><marc:subfield code="a">Trevisa, John,</marc:subfield><marc:subfield code="d">d. 1402.</marc:subfield></marc:datafield><marc:datafield tag="700" ind1="1" ind2=" "><marc:subfield code="a">Worde, Wynkyn de,</marc:subfield><marc:subfield code="d">d. 1534?,</marc:subfield><marc:subfield code="e">printer.</marc:subfield></marc:datafield><marc:datafield tag="700" ind1="1" ind2=" "><marc:subfield code="a">Hood, Thomas,</marc:subfield><marc:subfield code="d">1799-1845,</marc:subfield><marc:subfield code="e">former owner.</marc:subfield><marc:subfield code="5">DFo</marc:subfield></marc:datafield><marc:datafield tag="700" ind1="1" ind2=" "><marc:subfield code="a">Hillyard, Thomas,</marc:subfield><marc:subfield code="e">former owner.</marc:subfield><marc:subfield code="5">DFo</marc:subfield></marc:datafield><marc:datafield tag="700" ind1="1" ind2=" "><marc:subfield code="a">Halliwell-Phillipps, J. O.</marc:subfield><marc:subfield code="q">(James Orchard),</marc:subfield><marc:subfield code="d">1820-1889,</marc:subfield><marc:subfield code="e">former owner.</marc:subfield><marc:subfield code="5">DFo</marc:subfield></marc:datafield><marc:datafield tag="710" ind1="2" ind2=" "><marc:subfield code="a">Middleton Hall library,</marc:subfield><marc:subfield code="e">former owner.</marc:subfield><marc:subfield code="5">DFo</marc:subfield></marc:datafield><marc:datafield tag="700" ind1="1" ind2=" "><marc:subfield code="a">Hurst, John F.,</marc:subfield><marc:subfield code="c">Bishop,</marc:subfield><marc:subfield code="d">1834-1903,</marc:subfield><marc:subfield code="e">former owner.</marc:subfield><marc:subfield code="5">DFo</marc:subfield></marc:datafield><marc:datafield tag="752" ind1=" " ind2=" "><marc:subfield code="a">England</marc:subfield><marc:subfield code="d">Westminster.</marc:subfield></marc:datafield><marc:datafield tag="856" ind1="4" ind2="1"><marc:subfield code="u">http://gateway.proquest.com/openurl?ctx_ver=Z39.88-2003&amp;res_id=xri:eebo&amp;rft_id=xri:eebo:image:6909</marc:subfield><marc:subfield code="z">Reproduction of British Library copy</marc:subfield></marc:datafield><marc:datafield tag="856" ind1="4" ind2="1"><marc:subfield code="u">http://gateway.proquest.com/openurl?ctx_ver=Z39.88-2003&amp;res_id=xri:eebo&amp;rft_id=xri:eebo:image:6910</marc:subfield><marc:subfield code="z">Reproduction of Cambridge University Library copy</marc:subfield></marc:datafield><marc:datafield tag="852" ind1=" " ind2=" "><marc:subfield code="a">DFo</marc:subfield><marc:subfield code="b">DeckB-STC</marc:subfield><marc:subfield code="h">STC 1536</marc:subfield><marc:subfield code="j">cs324</marc:subfield><marc:subfield code="x">CIN=ML CIN= JDB; rev. AS-K 201203</marc:subfield></marc:datafield><marc:datafield tag="876" ind1=" " ind2=" "><marc:subfield code="z">cs324. Imperfect: leaves A1-5, B1-2, B7-8, b4, part of e3, e8, f1, m4, p1, s7, t2, t7, v3, [con]8, A1, F8, G1, G8, K5, S7, T3, 2f3, 2o1-2o6 lacking, supplied in facsimile; A6, blank, lacking; from leaf i8 to leaf D4, central part of most leaves damaged and repaired, with loss of text on many leaves; last leaf (in facsimile) inserted with Caxton's device on verso; edges trimmed, affecting manuscript notes and ownership inscriptions. Early manuscript notes in English in brown ink throughout the book, repeating text in margins, in several hands; a few corrections in text. Previously bound in rough calf, probably in Oxford ca. 1600, with hatching on spine and initials &quot;G B&quot; stamped on boards; rebound in 1965 in quater morocco binding with green cloth sides. Provenance: MS. notes and inscriptions: Thom. Hood, Thomas Hillyard, Richard [?]; bookplate: 'Bateman of Middleton Hall (by Youlgrave) in the County of Derby'; J.O. Halliwell-Phillipps copy</marc:subfield></marc:datafield><marc:datafield tag="100" ind1="0" ind2=" "><marc:subfield code="a">Bartholomaeus,</marc:subfield><marc:subfield code="c">Anglicus,</marc:subfield><marc:subfield code="d">13th cent.</marc:subfield></marc:datafield></marc:record>