
<marc:record><marc:leader>03482cam a2200481   4500</marc:leader>
<marc:controlfield tag="001">161525</marc:controlfield>
<marc:controlfield tag="005">20110119173242.0</marc:controlfield><marc:controlfield tag="008">910502s1484    enk||||       00| ||eng d</marc:controlfield><marc:datafield tag="035" ind1=" " ind2=" "><marc:subfield code="9">ESTCS106569</marc:subfield></marc:datafield><marc:datafield tag="035" ind1=" " ind2=" "><marc:subfield code="a">161525</marc:subfield></marc:datafield><marc:datafield tag="040" ind1=" " ind2=" "><marc:subfield code="a">Cu-RivES</marc:subfield><marc:subfield code="c">Cu-RivES</marc:subfield><marc:subfield code="d">CStRLIN</marc:subfield><marc:subfield code="e">dcrb</marc:subfield><marc:subfield code="d">DFo</marc:subfield><marc:subfield code="d">UtOrBLW</marc:subfield></marc:datafield><marc:datafield tag="090" ind1=" " ind2=" "><marc:subfield code="a">STC 4853</marc:subfield><marc:subfield code="j">HH48/27</marc:subfield></marc:datafield><marc:datafield tag="130" ind1="0" ind2=" "><marc:subfield code="a">Catonis disticha.</marc:subfield><marc:subfield code="l">English.</marc:subfield></marc:datafield><marc:datafield tag="245" ind1="1" ind2="0"><marc:subfield code="a">Here begynneth the prologue or prohemye of the book callid Caton :</marc:subfield><marc:subfield code="b">whiche booke hath ben translated in to Englysshe by Mayster Benet Burgh, late Archedeken of Colchestre and hye chanon of Saint Stephens at Westmestre ... and by cause of late cam to my hand a book of the said Caton in Frensshe, whiche reherceth many a fayr lernynge and notable ensamples, I haue translated it oute of Frensshe in to Englysshe, as al along here after shalle appiere, whiche I presente vnto the cyte of London</marc:subfield></marc:datafield><marc:datafield tag="246" ind1="3" ind2=" "><marc:subfield code="a">Caton</marc:subfield></marc:datafield><marc:datafield tag="260" ind1=" " ind2=" "><marc:subfield code="a">[Westminster :</marc:subfield><marc:subfield code="b">Printed by William Caxton,</marc:subfield><marc:subfield code="c">1484]</marc:subfield></marc:datafield><marc:datafield tag="300" ind1=" " ind2=" "><marc:subfield code="a">[160] p. ;</marc:subfield><marc:subfield code="c">(fol.)</marc:subfield></marc:datafield><marc:datafield tag="500" ind1=" " ind2=" "><marc:subfield code="a">The original Latin text of the Disticha, with an anonymous prose paraphrase and commentary.</marc:subfield></marc:datafield><marc:datafield tag="500" ind1=" " ind2=" "><marc:subfield code="a">The disticha, wrongly attributed to Marcus Porcius Cato, in fact date from imperial times.</marc:subfield></marc:datafield><marc:datafield tag="500" ind1=" " ind2=" "><marc:subfield code="a">Caption title, pi2r.</marc:subfield></marc:datafield><marc:datafield tag="500" ind1=" " ind2=" "><marc:subfield code="a">Printer's name from STC; publication date from Needham.</marc:subfield></marc:datafield><marc:datafield tag="500" ind1=" " ind2=" "><marc:subfield code="a">Colophon reads: Here fynyssheth this present book whiche is sayd or called Cathon translated oute of Frensshe in to Englysshe by William Caxton in thabbay of Westmynstre the yere of oure Lord M CCCC lxxxiij, and the fyrst yere of the regne of Kynge Rychard the Thyrd the xxiij day of decembre.</marc:subfield></marc:datafield><marc:datafield tag="500" ind1=" " ind2=" "><marc:subfield code="a">Signatures: pi⁶ (pi2,3 signed ij, iij respectively) a-h⁸ i¹⁰.</marc:subfield></marc:datafield><marc:datafield tag="500" ind1=" " ind2=" "><marc:subfield code="a">The first leaf and the last leaf are blank.</marc:subfield></marc:datafield><marc:datafield tag="510" ind1="4" ind2=" "><marc:subfield code="a">Duff</marc:subfield><marc:subfield code="c">79</marc:subfield></marc:datafield><marc:datafield tag="510" ind1="4" ind2=" "><marc:subfield code="a">GW</marc:subfield><marc:subfield code="c">6361</marc:subfield></marc:datafield><marc:datafield tag="510" ind1="4" ind2=" "><marc:subfield code="a">STC (2nd ed.),</marc:subfield><marc:subfield code="c">4853</marc:subfield></marc:datafield><marc:datafield tag="510" ind1="4" ind2=" "><marc:subfield code="a">Needham, P.  Printer &amp; the pardoner,</marc:subfield><marc:subfield code="c">Cx 68</marc:subfield></marc:datafield><marc:datafield tag="510" ind1="4" ind2=" "><marc:subfield code="a">ESTC (RLIN)</marc:subfield><marc:subfield code="c">S106569</marc:subfield></marc:datafield><marc:datafield tag="539" ind1=" " ind2=" "><marc:subfield code="a">C.</marc:subfield></marc:datafield><marc:datafield tag="655" ind1=" " ind2="7"><marc:subfield code="a">Annotations (Provenance).</marc:subfield><marc:subfield code="2">rbprov</marc:subfield></marc:datafield><marc:datafield tag="700" ind1="1" ind2=" "><marc:subfield code="a">Cato, Marcus Porcius,</marc:subfield><marc:subfield code="d">234-149 B.C.,</marc:subfield><marc:subfield code="e">attributed name.</marc:subfield></marc:datafield><marc:datafield tag="700" ind1="1" ind2=" "><marc:subfield code="a">Burgh, Benedict.</marc:subfield></marc:datafield><marc:datafield tag="700" ind1="1" ind2=" "><marc:subfield code="a">Caxton, William,</marc:subfield><marc:subfield code="d">ca. 1422-1491 or 2.</marc:subfield></marc:datafield><marc:datafield tag="700" ind1="1" ind2=" "><marc:subfield code="a">Caxton, William,</marc:subfield><marc:subfield code="d">ca. 1422-1491 or 2,</marc:subfield><marc:subfield code="e">printer.</marc:subfield></marc:datafield><marc:datafield tag="700" ind1="1" ind2=" "><marc:subfield code="a">Harmsworth, R. Leicester</marc:subfield><marc:subfield code="q">(Robert Leicester),</marc:subfield><marc:subfield code="c">Sir,</marc:subfield><marc:subfield code="d">1870-1937,</marc:subfield><marc:subfield code="e">former owner.</marc:subfield><marc:subfield code="5">DFo</marc:subfield></marc:datafield><marc:datafield tag="700" ind1="1" ind2=" "><marc:subfield code="a">Ingilby, William, Henry,</marc:subfield><marc:subfield code="c">Sir,</marc:subfield><marc:subfield code="d">1874-1950,</marc:subfield><marc:subfield code="e">former owner.</marc:subfield><marc:subfield code="5">DFo</marc:subfield></marc:datafield><marc:datafield tag="752" ind1=" " ind2=" "><marc:subfield code="a">England</marc:subfield><marc:subfield code="d">Westminster.</marc:subfield></marc:datafield><marc:datafield tag="852" ind1=" " ind2=" "><marc:subfield code="a">DFo</marc:subfield><marc:subfield code="h">STC 4853</marc:subfield><marc:subfield code="8">1</marc:subfield></marc:datafield><marc:datafield tag="859" ind1=" " ind2=" "><marc:subfield code="p">N</marc:subfield><marc:subfield code="r">N</marc:subfield><marc:subfield code="l">DFo</marc:subfield><marc:subfield code="v">Y</marc:subfield><marc:subfield code="d">01-26-99</marc:subfield><marc:subfield code="c">JDB</marc:subfield><marc:subfield code="b">ST</marc:subfield><marc:subfield code="d">20040514</marc:subfield><marc:subfield code="c">DJL</marc:subfield></marc:datafield><marc:datafield tag="876" ind1=" " ind2=" "><marc:subfield code="z">HH48/27. Imperfect: wanting leaves 1 (blank), 2, and 6 and 7 (both blank) (title supplied from ESTC); blank leaf inserted at a later time between 1st and 2nd gathering. Some initials in red. Russia leather binding. Early manuscript notes in margins giving a summary at the beginning of many paragraphs; on leaf a3v, a few lines about worship of images are crossed out in brown ink; large markings at head of a few Disticha; manuscript letter on blank leaves at end of the book with title &quot;the queenes answere to the [blank]&quot; in another early hand; a manuscript note in colophon, defaced &quot;In Anno Domini i609 the xxiii dey[?] of december[?] This book is CCLxxiiii years old[?]&quot;. Provenance: Pencilled note referring to Sotheby sale on front free endpaper (no. 33 in the sale catalog of William H. Ingilby's library, Oct. 1920);  Harmsworth copy.</marc:subfield></marc:datafield><marc:datafield tag="967" ind1=" " ind2=" "><marc:subfield code="a">z</marc:subfield><marc:subfield code="c">n</marc:subfield></marc:datafield><marc:datafield tag="998" ind1=" " ind2=" "><marc:subfield code="a">10/16/03</marc:subfield><marc:subfield code="t">c</marc:subfield><marc:subfield code="s">9125</marc:subfield><marc:subfield code="n">CU-RivES</marc:subfield><marc:subfield code="w">ESTCS106569</marc:subfield><marc:subfield code="d">08/18/02</marc:subfield><marc:subfield code="i">031016</marc:subfield><marc:subfield code="l">ESTC</marc:subfield></marc:datafield></marc:record>