
<marc:record><marc:leader>02851cam a2200409 a 4500</marc:leader>
<marc:controlfield tag="001">90761</marc:controlfield>
<marc:controlfield tag="005">20110119170053.0</marc:controlfield><marc:controlfield tag="008">960429s1493    enk           000 0 eng d</marc:controlfield><marc:datafield tag="035" ind1=" " ind2=" "><marc:subfield code="a">DCFG96-B779</marc:subfield></marc:datafield><marc:datafield tag="040" ind1=" " ind2=" "><marc:subfield code="a">DFo</marc:subfield><marc:subfield code="c">DFo</marc:subfield><marc:subfield code="e">dcrb</marc:subfield></marc:datafield><marc:datafield tag="130" ind1="0" ind2=" "><marc:subfield code="a">Chastysing of Goddes chyldern.</marc:subfield></marc:datafield><marc:datafield tag="245" ind1="1" ind2="4"><marc:subfield code="a">The prouffytable boke for ma[n]nes soule, and right comfortable to the body, and specyally in aduersitee [and] trybulacyon, whiche boke is called The chastysing of Goddes chyldern.</marc:subfield></marc:datafield><marc:datafield tag="246" ind1="3" ind2=" "><marc:subfield code="a">Prouffytable boke for mannes soule, and right comfortable to the body, and specyally in aduersitee and trybulacyon, whiche boke is called The chastysing of Goddes chyldern</marc:subfield></marc:datafield><marc:datafield tag="246" ind1="3" ind2=" "><marc:subfield code="a">Prouffytable boke for manes soule, and right comfortable to the body, and specyally in aduersitee trybulacyon, whiche boke is called The chastysing of Goddes chyldern</marc:subfield></marc:datafield><marc:datafield tag="260" ind1=" " ind2=" "><marc:subfield code="a">[Westminster,</marc:subfield><marc:subfield code="b">Wynkyn de Worde,</marc:subfield><marc:subfield code="c">1493].</marc:subfield></marc:datafield><marc:datafield tag="300" ind1=" " ind2=" "><marc:subfield code="a">[96] p. ;</marc:subfield><marc:subfield code="c">28 cm. (fol.)</marc:subfield></marc:datafield><marc:datafield tag="500" ind1=" " ind2=" "><marc:subfield code="a">Title from half-title, pi1r</marc:subfield></marc:datafield><marc:datafield tag="500" ind1=" " ind2=" "><marc:subfield code="a">&quot;Explicit hic liber castigac[i]onis puerro[rum] [sic] dei.&quot;--Leaf G4r. The remaining text, which is unidentified, begins: For asmoche as thappostle sayth þt we may not pleyse god wythout good fayth [and] byleue ..</marc:subfield></marc:datafield><marc:datafield tag="500" ind1=" " ind2=" "><marc:subfield code="a">STC has added entry &quot;Flete, William. De remediis contra temptationes. English&quot;; cannot identify with second text.</marc:subfield></marc:datafield><marc:datafield tag="500" ind1=" " ind2=" "><marc:subfield code="a">Imprint from STC (2nd ed.); ISTC gives date of publication as [about 1494].</marc:subfield></marc:datafield><marc:datafield tag="500" ind1=" " ind2=" "><marc:subfield code="a">Signatures: pi² A-G⁶ H⁴.</marc:subfield></marc:datafield><marc:datafield tag="510" ind1="4" ind2=" "><marc:subfield code="a">ESTC (RLIN)</marc:subfield><marc:subfield code="c">S106568</marc:subfield></marc:datafield><marc:datafield tag="510" ind1="4" ind2=" "><marc:subfield code="a">STC (2nd ed.)</marc:subfield><marc:subfield code="c">5065</marc:subfield></marc:datafield><marc:datafield tag="510" ind1="4" ind2=" "><marc:subfield code="a">Duff</marc:subfield><marc:subfield code="c">85</marc:subfield></marc:datafield><marc:datafield tag="510" ind1="4" ind2=" "><marc:subfield code="a">Goff</marc:subfield><marc:subfield code="c">C-430</marc:subfield></marc:datafield><marc:datafield tag="510" ind1="4" ind2=" "><marc:subfield code="a">GW</marc:subfield><marc:subfield code="c">6583</marc:subfield></marc:datafield><marc:datafield tag="533" ind1=" " ind2=" "><marc:subfield code="a">Microfilm.</marc:subfield><marc:subfield code="b">Ann Arbor, Mich.: University Microfilms International,</marc:subfield><marc:subfield code="d">1938. 1 microfilm reel; 35 mm</marc:subfield><marc:subfield code="f">(Early English books, 1475-1640; 17:21).</marc:subfield></marc:datafield><marc:datafield tag="590" ind1=" " ind2=" "><marc:subfield code="a">Autograph &quot;Elizabeth Alford&quot; on t.p.; armorial bookplate &quot;Thomas Weld Esqr. Lulworth Castle&quot;; booklabel of Sir R. leicester Harmsworth; purchased in 1938.</marc:subfield></marc:datafield><marc:datafield tag="650" ind1=" " ind2="0"><marc:subfield code="a">Spiritual life</marc:subfield><marc:subfield code="x">Christianity</marc:subfield><marc:subfield code="x">History of doctrines</marc:subfield><marc:subfield code="y">Middle Ages, 600-1500</marc:subfield><marc:subfield code="v">Early works to 1800.</marc:subfield></marc:datafield><marc:datafield tag="700" ind1="1" ind2=" "><marc:subfield code="a">Worde, Wynkyn de,</marc:subfield><marc:subfield code="d">d. 1534?,</marc:subfield><marc:subfield code="e">printer.</marc:subfield></marc:datafield><marc:datafield tag="700" ind1="1" ind2=" "><marc:subfield code="a">Alford, Elizabeth,</marc:subfield><marc:subfield code="e">signer.</marc:subfield><marc:subfield code="5">DFo</marc:subfield></marc:datafield><marc:datafield tag="700" ind1="1" ind2=" "><marc:subfield code="a">Weld, Thomas,</marc:subfield><marc:subfield code="c">Esqr.,</marc:subfield><marc:subfield code="e">former owner.</marc:subfield><marc:subfield code="5">DFo</marc:subfield></marc:datafield><marc:datafield tag="700" ind1="1" ind2=" "><marc:subfield code="a">Harmsworth, R. Leicester</marc:subfield><marc:subfield code="q">(Robert Leicester),</marc:subfield><marc:subfield code="c">Sir,</marc:subfield><marc:subfield code="d">1870-1937,</marc:subfield><marc:subfield code="e">former owner.</marc:subfield><marc:subfield code="5">DFo</marc:subfield></marc:datafield><marc:datafield tag="752" ind1=" " ind2=" "><marc:subfield code="a">England</marc:subfield><marc:subfield code="d">Westminster.</marc:subfield></marc:datafield><marc:datafield tag="856" ind1="4" ind2="1"><marc:subfield code="u">http://gateway.proquest.com/openurl?ctx_ver=Z39.88-2003&amp;res_id=xri:eebo&amp;rft_id=xri:eebo:image:6925</marc:subfield><marc:subfield code="z">Reproduction of British Library copy.</marc:subfield></marc:datafield><marc:datafield tag="876" ind1=" " ind2=" "><marc:subfield code="z">Leaf pi2 misbound after A6. Pencilled bibliographical note of Bernard Quaritch. Stained. In a later quarter leather binding with marbled paper sides. Provenance: autograph of Elizabeth Alford on t.p.; armorial bookplate of Thomas Weld, Esqr. Lulworth Castle; Harmsworth copy</marc:subfield></marc:datafield><marc:datafield tag="852" ind1="8" ind2=" "><marc:subfield code="a">DFo</marc:subfield><marc:subfield code="b">DeckB-STC</marc:subfield><marc:subfield code="h">STC 5065</marc:subfield><marc:subfield code="j">HH52/16</marc:subfield><marc:subfield code="x">01-27-99  CIN=JDB CIN=ML</marc:subfield></marc:datafield></marc:record>