
<marc:record><marc:leader>03012sam a2200517 a 4500</marc:leader>
<marc:controlfield tag="001">91000</marc:controlfield>
<marc:controlfield tag="005">20120404154321.0</marc:controlfield><marc:controlfield tag="008">960507s1477    enk           000 0 eng d</marc:controlfield><marc:datafield tag="035" ind1=" " ind2=" "><marc:subfield code="9">DCFG96-B907</marc:subfield></marc:datafield><marc:datafield tag="035" ind1=" " ind2=" "><marc:subfield code="a">91000</marc:subfield></marc:datafield><marc:datafield tag="040" ind1=" " ind2=" "><marc:subfield code="a">DFo</marc:subfield><marc:subfield code="c">DFo</marc:subfield><marc:subfield code="e">dcrb</marc:subfield><marc:subfield code="d">UtOrBLW</marc:subfield></marc:datafield><marc:datafield tag="090" ind1=" " ind2=" "><marc:subfield code="b">\STC\5082</marc:subfield><marc:subfield code="n">:SL\Leaves supplied in facsimile are numbered in pencil: 1, 2, 6, 168, 184, 191, 256, 359, 364-371.\</marc:subfield><marc:subfield code="f">52/18</marc:subfield><marc:subfield code="h">12/31/99 C</marc:subfield></marc:datafield><marc:datafield tag="100" ind1="1" ind2=" "><marc:subfield code="a">Chaucer, Geoffrey,</marc:subfield><marc:subfield code="d">d. 1400.</marc:subfield></marc:datafield><marc:datafield tag="240" ind1="1" ind2="0"><marc:subfield code="a">Canterbury tales</marc:subfield></marc:datafield><marc:datafield tag="245" ind1="1" ind2="0"><marc:subfield code="a">Whan that Apprill with his shouris sote and the droughte of marche hath p[er]cid þe rote ...</marc:subfield></marc:datafield><marc:datafield tag="260" ind1=" " ind2=" "><marc:subfield code="a">[Westminster :</marc:subfield><marc:subfield code="b">William Caxton,</marc:subfield><marc:subfield code="c">1477]</marc:subfield></marc:datafield><marc:datafield tag="300" ind1=" " ind2=" "><marc:subfield code="a">[748] p. ;</marc:subfield><marc:subfield code="c">28 cm. (fol.)</marc:subfield></marc:datafield><marc:datafield tag="500" ind1=" " ind2=" "><marc:subfield code="a">By Geoffrey Chaucer, whose name appears on 47₅r.</marc:subfield></marc:datafield><marc:datafield tag="500" ind1=" " ind2=" "><marc:subfield code="a">Title from opening words of text (leaf 1₂r).</marc:subfield></marc:datafield><marc:datafield tag="500" ind1=" " ind2=" "><marc:subfield code="a">In verse.</marc:subfield></marc:datafield><marc:datafield tag="500" ind1=" " ind2=" "><marc:subfield code="a">First words of text on leaf 1₃r: Whanne they were wonne and in the grete see ..</marc:subfield></marc:datafield><marc:datafield tag="500" ind1=" " ind2=" "><marc:subfield code="a">Imprint from STC.</marc:subfield></marc:datafield><marc:datafield tag="500" ind1=" " ind2=" "><marc:subfield code="a">Signatures: [1-32]⁸ [33]¹⁰ [34-39]⁸ [40]⁶ [41-46]⁸ [47]⁶.</marc:subfield></marc:datafield><marc:datafield tag="500" ind1=" " ind2=" "><marc:subfield code="a">Leaves [1]₁, [33]₁₀, and [47]₆ are blank.</marc:subfield></marc:datafield><marc:datafield tag="510" ind1="4" ind2=" "><marc:subfield code="a">ESTC (RLIN)</marc:subfield><marc:subfield code="c">S109814</marc:subfield></marc:datafield><marc:datafield tag="510" ind1="4" ind2=" "><marc:subfield code="a">STC (2nd ed.)</marc:subfield><marc:subfield code="c">5082</marc:subfield></marc:datafield><marc:datafield tag="510" ind1="4" ind2=" "><marc:subfield code="a">Duff</marc:subfield><marc:subfield code="c">87</marc:subfield></marc:datafield><marc:datafield tag="510" ind1="4" ind2=" "><marc:subfield code="a">GW</marc:subfield><marc:subfield code="c">6585</marc:subfield></marc:datafield><marc:datafield tag="510" ind1="4" ind2=" "><marc:subfield code="a">Goff</marc:subfield><marc:subfield code="c">C-431</marc:subfield></marc:datafield><marc:datafield tag="510" ind1="4" ind2=" "><marc:subfield code="a">Ricci, S. de.  Census of Caxtons</marc:subfield><marc:subfield code="c">22.7</marc:subfield></marc:datafield><marc:datafield tag="510" ind1="4" ind2=" "><marc:subfield code="a">Needham, P. Printer &amp; the pardoner,</marc:subfield><marc:subfield code="c">Cx 17</marc:subfield></marc:datafield><marc:datafield tag="530" ind1=" " ind2=" "><marc:subfield code="a">Selected watermarks also available as a digital reproduction.</marc:subfield></marc:datafield><marc:datafield tag="585" ind1=" " ind2=" "><marc:subfield code="a">Washington, D.C., Folger Shakespeare Library, 2004-2005. Letterwriting in Renaissance England (catalog entry 17)</marc:subfield><marc:subfield code="5">DFo</marc:subfield></marc:datafield><marc:datafield tag="655" ind1=" " ind2="7"><marc:subfield code="a">Annotations (Provenance)</marc:subfield><marc:subfield code="2">rbprov</marc:subfield></marc:datafield><marc:datafield tag="700" ind1="1" ind2=" "><marc:subfield code="a">Caxton, William,</marc:subfield><marc:subfield code="d">ca. 1422-1491.</marc:subfield></marc:datafield><marc:datafield tag="710" ind1="2" ind2=" "><marc:subfield code="a">Huth Library,</marc:subfield><marc:subfield code="e">former owner.</marc:subfield><marc:subfield code="5">DFo</marc:subfield></marc:datafield><marc:datafield tag="700" ind1="1" ind2=" "><marc:subfield code="a">Bedford, Francis,</marc:subfield><marc:subfield code="d">1799-1883,</marc:subfield><marc:subfield code="e">binder.</marc:subfield><marc:subfield code="5">DFo</marc:subfield></marc:datafield><marc:datafield tag="700" ind1="1" ind2=" "><marc:subfield code="a">Harmsworth, R. Leicester</marc:subfield><marc:subfield code="q">(Robert Leicester),</marc:subfield><marc:subfield code="c">Sir,</marc:subfield><marc:subfield code="d">1870-1937,</marc:subfield><marc:subfield code="e">former owner.</marc:subfield><marc:subfield code="5">DFo</marc:subfield></marc:datafield><marc:datafield tag="700" ind1="1" ind2=" "><marc:subfield code="a">Caxton, William,</marc:subfield><marc:subfield code="d">ca. 1422-1491,</marc:subfield><marc:subfield code="e">printer.</marc:subfield></marc:datafield><marc:datafield tag="752" ind1=" " ind2=" "><marc:subfield code="a">England</marc:subfield><marc:subfield code="d">Westminster.</marc:subfield></marc:datafield><marc:datafield tag="852" ind1="8" ind2=" "><marc:subfield code="b">DeckBSTC</marc:subfield><marc:subfield code="h">STC 5082</marc:subfield><marc:subfield code="j">HH52/18</marc:subfield><marc:subfield code="x">05/07/96 ML; rev. knt 201204</marc:subfield></marc:datafield><marc:datafield tag="856" ind1="7" ind2=" "><marc:subfield code="u">http://www.gravell.org/Record.php?&amp;action=GET&amp;RECID=10</marc:subfield><marc:subfield code="z">Digital reproduction of watermark from leaf [223]recto (leaf 222 recto in Folger foliation), &quot;Felt side&quot;.</marc:subfield><marc:subfield code="2">http</marc:subfield></marc:datafield><marc:datafield tag="856" ind1="7" ind2=" "><marc:subfield code="u">http://www.gravell.org/Record.php?&amp;action=GET&amp;RECID=11</marc:subfield><marc:subfield code="z">Digital reproduction of watermark from leaf [223]verso (leaf 222 in the Folger foliation), &quot;Mold side&quot;.</marc:subfield><marc:subfield code="2">http</marc:subfield></marc:datafield><marc:datafield tag="876" ind1=" " ind2=" "><marc:subfield code="z">Embossed goatskin binding, signed by F. Bedford. Lacking leaves 2-3, 7, 169, 185, 192, 257, 361, 366-373 which are supplied in facsimile (numbered in pencil 1, 2, 6, 168, 184, 191, 256, 359, 364-371); lacking the three blank leaves. Occasional MS. notes; some MS. corrections in text. Provenance: Leather bookplate of the Huth library (no. 1547 in the Sotheby sale catalog of the 2nd pt. of the library, June 1912); booklabel of Sir R. Leicester Harmsworth; purchased in 1938.</marc:subfield></marc:datafield><marc:datafield tag="950" ind1=" " ind2=" "><marc:subfield code="l">RARE</marc:subfield><marc:subfield code="h">12/31/99 C</marc:subfield></marc:datafield><marc:datafield tag="998" ind1=" " ind2=" "><marc:subfield code="a">06/03/96</marc:subfield><marc:subfield code="t">c</marc:subfield><marc:subfield code="s">9114</marc:subfield><marc:subfield code="n">DFo</marc:subfield><marc:subfield code="w">DCFG96B907</marc:subfield><marc:subfield code="d">05/07/96</marc:subfield><marc:subfield code="c">ML</marc:subfield><marc:subfield code="b">ML</marc:subfield><marc:subfield code="l">DCFG</marc:subfield></marc:datafield></marc:record>