
<marc:record><marc:leader>02937cam a2200469   4500</marc:leader>
<marc:controlfield tag="001">161529</marc:controlfield>
<marc:controlfield tag="005">20110119173242.0</marc:controlfield><marc:controlfield tag="008">910503s1480    enk||||       00| ||eng d</marc:controlfield><marc:datafield tag="035" ind1=" " ind2=" "><marc:subfield code="9">ESTCS106576</marc:subfield></marc:datafield><marc:datafield tag="035" ind1=" " ind2=" "><marc:subfield code="a">161529</marc:subfield></marc:datafield><marc:datafield tag="040" ind1=" " ind2=" "><marc:subfield code="a">Cu-RivES</marc:subfield><marc:subfield code="c">Cu-RivES</marc:subfield><marc:subfield code="d">CStRLIN</marc:subfield><marc:subfield code="e">dcrb</marc:subfield><marc:subfield code="d">DFo</marc:subfield><marc:subfield code="d">UtOrBLW</marc:subfield></marc:datafield><marc:datafield tag="090" ind1=" " ind2=" "><marc:subfield code="h">09/11/96 T</marc:subfield></marc:datafield><marc:datafield tag="130" ind1="0" ind2=" "><marc:subfield code="a">Dictes and sayings of the philosophers.</marc:subfield></marc:datafield><marc:datafield tag="245" ind1="1" ind2="0"><marc:subfield code="a">[Thus endeth thys book of the dictes and notable wyse sayenges of the phylosophers</marc:subfield><marc:subfield code="b">late translated and drawen out of Frenshe into our englisshe tonge by my forseide lord Therle of Ryuers and lord Skales. and by hys comandement sette in forme and emprynted in thys manere as ye maye here in thys booke see whiche was fynisshed the xviii. day of the moneth of Nouembre. and the seuenteth yere of the regne of kyng Edward the. fourth.]</marc:subfield></marc:datafield><marc:datafield tag="246" ind1="3" ind2=" "><marc:subfield code="a">Where it is so that euery humayn creature by the suffrance of our lord god is born and ordeigned to be subgette and thral vnto the stormes of fortune</marc:subfield></marc:datafield><marc:datafield tag="246" ind1="3" ind2=" "><marc:subfield code="a">Where it is so that every humayn creature by the suffrance of our lord god is born and ordeigned to be subgette and thral unto the stormes of fortune</marc:subfield></marc:datafield><marc:datafield tag="260" ind1=" " ind2=" "><marc:subfield code="a">[Westminster :</marc:subfield><marc:subfield code="b">Printed by William Caxton,</marc:subfield><marc:subfield code="c">1477 [i.e. ca. June 1480]]</marc:subfield></marc:datafield><marc:datafield tag="300" ind1=" " ind2=" "><marc:subfield code="a">[156] p. ;</marc:subfield><marc:subfield code="c">2⁰.</marc:subfield></marc:datafield><marc:datafield tag="500" ind1=" " ind2=" "><marc:subfield code="a">A translation, by Anthony Woodville, Earl Rivers, of a French version by Guillaume de Tignonville of a compilation ultimately based on: Mubashshir ibn Fātik, Abū al-Wafā'. Mukhtār al-ḥikam wa-maḥāsin al-kalim.</marc:subfield></marc:datafield><marc:datafield tag="500" ind1=" " ind2=" "><marc:subfield code="a">Revised and edited by William Caxton.</marc:subfield></marc:datafield><marc:datafield tag="500" ind1=" " ind2=" "><marc:subfield code="a">Title from colophon, [K]2r.</marc:subfield></marc:datafield><marc:datafield tag="500" ind1=" " ind2=" "><marc:subfield code="a">Text on [A]1r begins: [W]here it is so that euery humayn creature by the suffran̄ce of our lord god is born̄ [and] ordeigned to be subgette and thral vnto the stormes of fortune ...</marc:subfield></marc:datafield><marc:datafield tag="500" ind1=" " ind2=" "><marc:subfield code="a">Actual publication date from Needham.</marc:subfield></marc:datafield><marc:datafield tag="500" ind1=" " ind2=" "><marc:subfield code="a">Signatures: [A-I⁸ K⁶].</marc:subfield></marc:datafield><marc:datafield tag="500" ind1=" " ind2=" "><marc:subfield code="a">The first leaf and the last two leaves are blank.</marc:subfield></marc:datafield><marc:datafield tag="509" ind1=" " ind2=" "><marc:subfield code="a">rpm 09/11/96</marc:subfield></marc:datafield><marc:datafield tag="510" ind1="4" ind2=" "><marc:subfield code="a">Duff,</marc:subfield><marc:subfield code="c">124</marc:subfield></marc:datafield><marc:datafield tag="510" ind1="4" ind2=" "><marc:subfield code="a">GW,</marc:subfield><marc:subfield code="c">8322</marc:subfield></marc:datafield><marc:datafield tag="510" ind1="4" ind2=" "><marc:subfield code="a">STC (2nd ed.),</marc:subfield><marc:subfield code="c">6828</marc:subfield></marc:datafield><marc:datafield tag="510" ind1="4" ind2=" "><marc:subfield code="a">Needham, P. Printer &amp; the pardoner,</marc:subfield><marc:subfield code="c">Cx 38</marc:subfield></marc:datafield><marc:datafield tag="510" ind1="4" ind2=" "><marc:subfield code="a">ESTC (RLIN)</marc:subfield><marc:subfield code="c">S106576</marc:subfield></marc:datafield><marc:datafield tag="539" ind1=" " ind2=" "><marc:subfield code="a">L.</marc:subfield></marc:datafield><marc:datafield tag="650" ind1=" " ind2="0"><marc:subfield code="a">Philosophy, Ancient</marc:subfield><marc:subfield code="v">Quotations, maxims, etc.</marc:subfield></marc:datafield><marc:datafield tag="700" ind1="1" ind2=" "><marc:subfield code="a">Rivers, Anthony Woodville,</marc:subfield><marc:subfield code="c">Earl,</marc:subfield><marc:subfield code="d">1442?-1483.</marc:subfield></marc:datafield><marc:datafield tag="700" ind1="1" ind2=" "><marc:subfield code="a">Caxton, William,</marc:subfield><marc:subfield code="d">ca. 1422-1491 or 2.</marc:subfield></marc:datafield><marc:datafield tag="700" ind1="1" ind2=" "><marc:subfield code="a">Harmsworth, R. Leicester</marc:subfield><marc:subfield code="q">(Robert Leicester),</marc:subfield><marc:subfield code="c">Sir,</marc:subfield><marc:subfield code="d">1870-1937,</marc:subfield><marc:subfield code="e">former owner.</marc:subfield><marc:subfield code="5">DFo</marc:subfield></marc:datafield><marc:datafield tag="700" ind1="1" ind2=" "><marc:subfield code="a">Mubashshir ibn Fātik, Abū al-Wafāʼ,</marc:subfield><marc:subfield code="d">11th cent.</marc:subfield><marc:subfield code="t">Mukhtār al ḥikam wa-maḥāsin al-kalim.</marc:subfield></marc:datafield><marc:datafield tag="852" ind1=" " ind2=" "><marc:subfield code="a">DFo</marc:subfield><marc:subfield code="h">STC 6828</marc:subfield><marc:subfield code="8">1</marc:subfield></marc:datafield><marc:datafield tag="859" ind1=" " ind2=" "><marc:subfield code="p">N</marc:subfield><marc:subfield code="r">N</marc:subfield><marc:subfield code="l">DFo</marc:subfield><marc:subfield code="v">Y</marc:subfield><marc:subfield code="d">05-12-98</marc:subfield><marc:subfield code="c">SMT</marc:subfield><marc:subfield code="b">SMT</marc:subfield></marc:datafield><marc:datafield tag="876" ind1=" " ind2=" "><marc:subfield code="z">Fragment, bottom of fol. 33 only. Formerly an endpaper; removed from: La Sale, A. de. The fyftene joyes of maryage. 1509. Provenance: Pembroke Library - Harmsworth copy</marc:subfield></marc:datafield><marc:datafield tag="967" ind1=" " ind2=" "><marc:subfield code="a">z</marc:subfield><marc:subfield code="c">n</marc:subfield></marc:datafield><marc:datafield tag="998" ind1=" " ind2=" "><marc:subfield code="a">10/16/03</marc:subfield><marc:subfield code="t">c</marc:subfield><marc:subfield code="s">9125</marc:subfield><marc:subfield code="n">CU-RivES</marc:subfield><marc:subfield code="w">ESTCS106576</marc:subfield><marc:subfield code="d">08/18/02</marc:subfield><marc:subfield code="i">031016</marc:subfield><marc:subfield code="h">030825</marc:subfield><marc:subfield code="l">ESTC</marc:subfield></marc:datafield></marc:record>