
<marc:record><marc:leader>03687cam a2200541 a 4500</marc:leader>
<marc:controlfield tag="001">92662</marc:controlfield>
<marc:controlfield tag="005">20111108173838.0</marc:controlfield><marc:controlfield tag="008">960517s1480    enk           000 0 eng d</marc:controlfield><marc:datafield tag="035" ind1=" " ind2=" "><marc:subfield code="a">(CStRLIN)DCFG96-B1024</marc:subfield></marc:datafield><marc:datafield tag="035" ind1=" " ind2=" "><marc:subfield code="a">92662</marc:subfield></marc:datafield><marc:datafield tag="040" ind1=" " ind2=" "><marc:subfield code="a">DFo</marc:subfield><marc:subfield code="c">DFo</marc:subfield><marc:subfield code="e">dcrb</marc:subfield><marc:subfield code="d">UtOrBLW</marc:subfield></marc:datafield><marc:datafield tag="090" ind1=" " ind2=" "><marc:subfield code="b">\STC\9991</marc:subfield><marc:subfield code="n">:SL\Leaf signed ii and leaf y6 supplied in facsimile.\</marc:subfield><marc:subfield code="f">53/9</marc:subfield><marc:subfield code="i">09/19/96 N</marc:subfield><marc:subfield code="h">08/21/96 N</marc:subfield><marc:subfield code="h">06/04/96 C</marc:subfield></marc:datafield><marc:datafield tag="130" ind1="0" ind2=" "><marc:subfield code="a">Chronicles of England.</marc:subfield></marc:datafield><marc:datafield tag="245" ind1="1" ind2="0"><marc:subfield code="a">In the yere of thyncarnacion of our Lord Ih[es]u Crist M.CCCC.lxxx. and in the xx. yere of the regne of kyng Edward the Fourthe, atte requeste of dyuerce gentilmen I haue endeuourd me to enprinte the Cronicles of Englond ...</marc:subfield></marc:datafield><marc:datafield tag="246" ind1="3" ind2=" "><marc:subfield code="a">In the yere of thyncarnacion of our Lord Ihu Crist M.CCCC.lxxx. and in the xx. yere of the regne of kyng Edward the Fourthe, atte requeste of dyuerce gentilmen I haue endeuourd me to enprinte the Cronicles of Englond</marc:subfield></marc:datafield><marc:datafield tag="246" ind1="3" ind2=" "><marc:subfield code="a">In the yere of thyncarnacion of our Lord Ihesu Crist M.CCCC.lxxx. and in the xx. yere of the regne of kyng Edward the Fourthe, atte requeste of dyuerce gentilmen I haue endeuourd me to enprinte the Cronicles of Englond as in this booke shall by the suffraunce of god folowe ...</marc:subfield></marc:datafield><marc:datafield tag="246" ind1="3" ind2=" "><marc:subfield code="a">Brut</marc:subfield></marc:datafield><marc:datafield tag="246" ind1="3" ind2="0"><marc:subfield code="a">Cronicles of Englond</marc:subfield></marc:datafield><marc:datafield tag="246" ind1="3" ind2=" "><marc:subfield code="a">How the lande of Englonde was fyrst namd Albyon and by what encheson it was so namd</marc:subfield></marc:datafield><marc:datafield tag="246" ind1="3" ind2=" "><marc:subfield code="a">In the yere of thyncarnacion of our lord Jhesu crist M.CCCC.lxxx. and in the xx. yere of the regne of kyng Edward the fourthe, atte requeste of dyverce gentilmen I have endevourd me to enprinte the cronicles of Englond</marc:subfield></marc:datafield><marc:datafield tag="260" ind1=" " ind2=" "><marc:subfield code="a">[Westminster] :</marc:subfield><marc:subfield code="b">Enp[ri]nted by me William Caxton in thabbey of Westmynstre by London,</marc:subfield><marc:subfield code="c">fynysshid and accomplisshid the x. day of Iuyn the yere of thincarnacion of Our Lord God 1480 and in the xx. yere of the regne of kyng Edward the Fourth.</marc:subfield></marc:datafield><marc:datafield tag="300" ind1=" " ind2=" "><marc:subfield code="a">[364] p. ;</marc:subfield><marc:subfield code="c">27 cm. (fol.)</marc:subfield></marc:datafield><marc:datafield tag="590" ind1=" " ind2=" "><marc:subfield code="a">A 2nd part with date: 18 Aug. 1480, Higden's Description of England (STC 13440a) is lacking in Folger copy.</marc:subfield></marc:datafield><marc:datafield tag="500" ind1=" " ind2=" "><marc:subfield code="a">With additions by William Caxton.</marc:subfield></marc:datafield><marc:datafield tag="500" ind1=" " ind2=" "><marc:subfield code="a">Also known as &quot;Brut&quot;.</marc:subfield></marc:datafield><marc:datafield tag="500" ind1=" " ind2=" "><marc:subfield code="a">Title from incipit (recto of leaf signed ii).</marc:subfield></marc:datafield><marc:datafield tag="500" ind1=" " ind2=" "><marc:subfield code="a">Imprint from colophon (leaf y6r).</marc:subfield></marc:datafield><marc:datafield tag="500" ind1=" " ind2=" "><marc:subfield code="a">Signatures: pi⁸ a-x⁸ y⁶ (a1 blank).</marc:subfield></marc:datafield><marc:datafield tag="590" ind1=" " ind2=" "><marc:subfield code="a">Capital spaces with guide letters.</marc:subfield></marc:datafield><marc:datafield tag="500" ind1=" " ind2=" "><marc:subfield code="a">Leaves 1 and 9 are blank.</marc:subfield></marc:datafield><marc:datafield tag="510" ind1="4" ind2=" "><marc:subfield code="a">ESTC (RLIN)</marc:subfield><marc:subfield code="c">S106522</marc:subfield></marc:datafield><marc:datafield tag="510" ind1="4" ind2=" "><marc:subfield code="a">Needham, P. Printer &amp; the pardoner,</marc:subfield><marc:subfield code="c">Cx 39</marc:subfield></marc:datafield><marc:datafield tag="510" ind1="4" ind2=" "><marc:subfield code="a">STC (2nd ed.)</marc:subfield><marc:subfield code="c">9991</marc:subfield></marc:datafield><marc:datafield tag="510" ind1="4" ind2=" "><marc:subfield code="a">Duff</marc:subfield><marc:subfield code="c">97</marc:subfield></marc:datafield><marc:datafield tag="510" ind1="4" ind2=" "><marc:subfield code="a">GW</marc:subfield><marc:subfield code="c">6670</marc:subfield></marc:datafield><marc:datafield tag="510" ind1="4" ind2=" "><marc:subfield code="a">Goff</marc:subfield><marc:subfield code="c">C-477</marc:subfield></marc:datafield><marc:datafield tag="651" ind1=" " ind2="0"><marc:subfield code="a">Great Britain</marc:subfield><marc:subfield code="x">History</marc:subfield><marc:subfield code="y">To 1485.</marc:subfield></marc:datafield><marc:datafield tag="655" ind1=" " ind2="7"><marc:subfield code="a">Annotations (Provenance)</marc:subfield><marc:subfield code="2">rbprov</marc:subfield></marc:datafield><marc:datafield tag="700" ind1="1" ind2=" "><marc:subfield code="a">Caxton, William,</marc:subfield><marc:subfield code="d">ca. 1422-1491 or 2.</marc:subfield></marc:datafield><marc:datafield tag="700" ind1="1" ind2=" "><marc:subfield code="a">Benson, Nicolas,</marc:subfield><marc:subfield code="e">former owner.</marc:subfield><marc:subfield code="5">DFo</marc:subfield></marc:datafield><marc:datafield tag="700" ind1="1" ind2=" "><marc:subfield code="a">Harmsworth, R. Leicester</marc:subfield><marc:subfield code="q">(Robert Leicester),</marc:subfield><marc:subfield code="c">Sir,</marc:subfield><marc:subfield code="d">1870-1937,</marc:subfield><marc:subfield code="e">former owner.</marc:subfield><marc:subfield code="5">DFo</marc:subfield></marc:datafield><marc:datafield tag="700" ind1="1" ind2=" "><marc:subfield code="a">Caxton, William,</marc:subfield><marc:subfield code="d">ca. 1422-1491 or 2,</marc:subfield><marc:subfield code="e">printer.</marc:subfield></marc:datafield><marc:datafield tag="752" ind1=" " ind2=" "><marc:subfield code="a">England</marc:subfield><marc:subfield code="d">Westminster.</marc:subfield></marc:datafield><marc:datafield tag="876" ind1=" " ind2=" "><marc:subfield code="z">HH53/9. Imperfect: wanting gatherings pi, a-d, and sigs. e2-e3, y6; pi2 (opening words of text) and y6 (colophon) in facsimile. Edges cropt affecting some ms notes. Early ms notes in brown ink. Blind-tooled brown goatskin binding, signed by Riviere &amp; Son.  Provenance: inscription on q3v: '...cittizenn of Londonn the witnes therof is Thomas shalcros draper Nicholas Benson free[man] of the right wourshipfull company of the Grocers...Nicolas Bensonn'; collated by E. Talbot at Quaritch; Hodgson sale, 30 March 1922:617; Harmsworth copy</marc:subfield></marc:datafield><marc:datafield tag="710" ind1="2" ind2=" "><marc:subfield code="a">Riviere &amp; Son,</marc:subfield><marc:subfield code="e">binder.</marc:subfield><marc:subfield code="5">DFo</marc:subfield></marc:datafield><marc:datafield tag="998" ind1=" " ind2=" "><marc:subfield code="a">09/19/96</marc:subfield><marc:subfield code="t">c</marc:subfield><marc:subfield code="s">9114</marc:subfield><marc:subfield code="l">DCFG</marc:subfield><marc:subfield code="n">DFo</marc:subfield><marc:subfield code="w">DCFG96B1024</marc:subfield><marc:subfield code="d">05/17/96</marc:subfield><marc:subfield code="c">ML</marc:subfield><marc:subfield code="b">ML</marc:subfield><marc:subfield code="d">2004-06-12</marc:subfield><marc:subfield code="c">DJL</marc:subfield></marc:datafield><marc:datafield tag="950" ind1=" " ind2=" "><marc:subfield code="l">RARE</marc:subfield><marc:subfield code="h">06/04/96 C</marc:subfield></marc:datafield><marc:datafield tag="955" ind1=" " ind2=" "><marc:subfield code="l">RARE</marc:subfield></marc:datafield></marc:record>