
<marc:record><marc:leader>01983cam a2200433 a 4500</marc:leader>
<marc:controlfield tag="001">90164</marc:controlfield>
<marc:controlfield tag="005">20110119170021.0</marc:controlfield><marc:controlfield tag="008">941216s1492    it            000 0 lat  </marc:controlfield><marc:datafield tag="010" ind1=" " ind2=" "><marc:subfield code="a">   91158411 </marc:subfield></marc:datafield><marc:datafield tag="035" ind1=" " ind2=" "><marc:subfield code="9">DCFG94-B3854</marc:subfield></marc:datafield><marc:datafield tag="040" ind1=" " ind2=" "><marc:subfield code="a">DLC</marc:subfield><marc:subfield code="c">DFo</marc:subfield><marc:subfield code="d">DFo</marc:subfield><marc:subfield code="e">dcrb</marc:subfield><marc:subfield code="d">UtOrBLW</marc:subfield></marc:datafield><marc:datafield tag="050" ind1="0" ind2="0"><marc:subfield code="a">Incun. 1492</marc:subfield><marc:subfield code="b">.C37</marc:subfield><marc:subfield code="a">HQ801</marc:subfield></marc:datafield><marc:datafield tag="090" ind1=" " ind2=" "><marc:subfield code="b">INC H1</marc:subfield><marc:subfield code="f">cs845</marc:subfield><marc:subfield code="t">6̃50</marc:subfield><marc:subfield code="t">6̃55</marc:subfield><marc:subfield code="t">7̃40</marc:subfield><marc:subfield code="t">7̃96-2</marc:subfield><marc:subfield code="t">7̃97</marc:subfield><marc:subfield code="t">7̃99</marc:subfield><marc:subfield code="i">12/21/94 C</marc:subfield></marc:datafield><marc:datafield tag="100" ind1="1" ind2=" "><marc:subfield code="a">Cavretto, Pietro,</marc:subfield><marc:subfield code="d">b. ca. 1424.</marc:subfield></marc:datafield><marc:datafield tag="245" ind1="1" ind2="0"><marc:subfield code="a">De amoris generibus.</marc:subfield></marc:datafield><marc:datafield tag="246" ind1="3" ind2="3"><marc:subfield code="a">Anterotica, sive De amoris generibus</marc:subfield></marc:datafield><marc:datafield tag="246" ind1="3" ind2="3"><marc:subfield code="a">Anterotica in Cupidinem</marc:subfield></marc:datafield><marc:datafield tag="260" ind1=" " ind2=" "><marc:subfield code="a">Accuratissime impressum Taruisii :</marc:subfield><marc:subfield code="b">Per Gerardum de Flandria,</marc:subfield><marc:subfield code="c">anno Salutis 1492 die XIII Octobris ...</marc:subfield></marc:datafield><marc:datafield tag="300" ind1=" " ind2=" "><marc:subfield code="a">[6], XCVII, [1] leaves (the last leaf blank) ;</marc:subfield><marc:subfield code="c">22 cm. (4to)</marc:subfield></marc:datafield><marc:datafield tag="500" ind1=" " ind2=" "><marc:subfield code="a">Commonly titled Anterotica (or, as on prelim. leaf [6]a, Petri Haedi Anterotica in Cupidinem).</marc:subfield></marc:datafield><marc:datafield tag="500" ind1=" " ind2=" "><marc:subfield code="a">Imprint from colophon.</marc:subfield></marc:datafield><marc:datafield tag="500" ind1=" " ind2=" "><marc:subfield code="a">Signatures: [1]⁶, [2-7]⁸, [8]⁴, [9-13]⁸, [14]⁶.</marc:subfield></marc:datafield><marc:datafield tag="500" ind1=" " ind2=" "><marc:subfield code="a">Capital spaces, mostly with guide letters.</marc:subfield></marc:datafield><marc:datafield tag="510" ind1="4" ind2=" "><marc:subfield code="a">Goff</marc:subfield><marc:subfield code="c">H-2.</marc:subfield></marc:datafield><marc:datafield tag="510" ind1="4" ind2=" "><marc:subfield code="a">Hain-Copinger</marc:subfield><marc:subfield code="c">8343.</marc:subfield></marc:datafield><marc:datafield tag="510" ind1="4" ind2=" "><marc:subfield code="a">BM 15th cent.,</marc:subfield><marc:subfield code="c">VI, p. 885 (IA.28466).</marc:subfield></marc:datafield><marc:datafield tag="510" ind1="4" ind2=" "><marc:subfield code="a">Kelso, R. Doctrine for the lady,</marc:subfield><marc:subfield code="c">198.</marc:subfield></marc:datafield><marc:datafield tag="590" ind1=" " ind2=" "><marc:subfield code="a">Folger copy lacks first gathering and last leaf (blank).</marc:subfield></marc:datafield><marc:datafield tag="590" ind1=" " ind2=" "><marc:subfield code="a">A few manuscript finding notes, and addition of title in headlines in brown ink.</marc:subfield></marc:datafield><marc:datafield tag="590" ind1=" " ind2=" "><marc:subfield code="a">Bookplates of James Lewis Knight-Bruce, the smaller one on front free endpaper covering inscription: &quot;J. W[?]. Bruce Florence Dec. 1839&quot;; purchased in 1916.</marc:subfield></marc:datafield><marc:datafield tag="590" ind1=" " ind2=" "><marc:subfield code="a">Half leather binding with combed leaf pattern marbled paper.</marc:subfield></marc:datafield><marc:datafield tag="650" ind1=" " ind2="0"><marc:subfield code="a">Love.</marc:subfield></marc:datafield><marc:datafield tag="650" ind1=" " ind2="0"><marc:subfield code="a">Sex.</marc:subfield></marc:datafield><marc:datafield tag="655" ind1=" " ind2="7"><marc:subfield code="a">Courtesy books</marc:subfield><marc:subfield code="2">rbgenr</marc:subfield></marc:datafield><marc:datafield tag="700" ind1="1" ind2=" "><marc:subfield code="a">Knight Bruce, J. L.</marc:subfield><marc:subfield code="q">(James Lewis),</marc:subfield><marc:subfield code="c">Sir,</marc:subfield><marc:subfield code="d">1791-1866,</marc:subfield><marc:subfield code="e">former owner.</marc:subfield></marc:datafield><marc:datafield tag="700" ind1="1" ind2=" "><marc:subfield code="a">Leye, Geraert van der,</marc:subfield><marc:subfield code="d">fl. 1471-1498,</marc:subfield><marc:subfield code="e">printer.</marc:subfield></marc:datafield><marc:datafield tag="752" ind1="1" ind2="0"><marc:subfield code="d">Treviso.</marc:subfield></marc:datafield><marc:datafield tag="950" ind1=" " ind2=" "><marc:subfield code="l">RARE</marc:subfield><marc:subfield code="e">copy 3</marc:subfield><marc:subfield code="i">12/21/94 C</marc:subfield></marc:datafield><marc:datafield tag="998" ind1=" " ind2=" "><marc:subfield code="a">12/21/94</marc:subfield><marc:subfield code="t">c</marc:subfield><marc:subfield code="s">9114</marc:subfield><marc:subfield code="n">DFo</marc:subfield><marc:subfield code="w">DCLC91158411B</marc:subfield><marc:subfield code="d">12/16/94</marc:subfield><marc:subfield code="c">ML</marc:subfield><marc:subfield code="b">MT</marc:subfield><marc:subfield code="l">DCFG</marc:subfield></marc:datafield></marc:record>