
<marc:record><marc:leader>02091cam a2200421 a 4500</marc:leader>
<marc:controlfield tag="001">90522</marc:controlfield>
<marc:controlfield tag="005">20110119170033.0</marc:controlfield><marc:controlfield tag="008">951127s1492    it            000 0 lat  </marc:controlfield><marc:datafield tag="010" ind1=" " ind2=" "><marc:subfield code="a">   91158750 </marc:subfield></marc:datafield><marc:datafield tag="035" ind1=" " ind2=" "><marc:subfield code="9">DCFG95-B2517</marc:subfield></marc:datafield><marc:datafield tag="040" ind1=" " ind2=" "><marc:subfield code="a">DLC</marc:subfield><marc:subfield code="c">DLC</marc:subfield><marc:subfield code="e">bdrb</marc:subfield><marc:subfield code="d">DFo</marc:subfield><marc:subfield code="d">UtOrBLW</marc:subfield></marc:datafield><marc:datafield tag="050" ind1="0" ind2="0"><marc:subfield code="a">Incun. 1492</marc:subfield><marc:subfield code="b">.P73</marc:subfield><marc:subfield code="a">LC1001</marc:subfield></marc:datafield><marc:datafield tag="090" ind1=" " ind2=" "><marc:subfield code="b">INC P1034</marc:subfield><marc:subfield code="t">6̃50</marc:subfield><marc:subfield code="t">7̃40</marc:subfield><marc:subfield code="i">11/29/95 C</marc:subfield></marc:datafield><marc:datafield tag="100" ind1="1" ind2=" "><marc:subfield code="a">Porcia, Jacopo di,</marc:subfield><marc:subfield code="c">conte,</marc:subfield><marc:subfield code="d">15th cent.</marc:subfield></marc:datafield><marc:datafield tag="245" ind1="1" ind2="0"><marc:subfield code="a">De liberorum educatione.</marc:subfield></marc:datafield><marc:datafield tag="260" ind1=" " ind2=" "><marc:subfield code="a">Accuratissime impressum Taruisii :</marc:subfield><marc:subfield code="b">Per Gerardum de Flandria,</marc:subfield><marc:subfield code="c">1492 die XI Septembris ...</marc:subfield></marc:datafield><marc:datafield tag="300" ind1=" " ind2=" "><marc:subfield code="a">XVIII leaves ;</marc:subfield><marc:subfield code="c">22 cm. (4to)</marc:subfield></marc:datafield><marc:datafield tag="500" ind1=" " ind2=" "><marc:subfield code="a">With a letter of Franciscus Niger.</marc:subfield></marc:datafield><marc:datafield tag="500" ind1=" " ind2=" "><marc:subfield code="a">Explicit: Iacobi Purliliarum Comitis De generosa liberorum educatione libellus fauste finit.</marc:subfield></marc:datafield><marc:datafield tag="500" ind1=" " ind2=" "><marc:subfield code="a">Imprint from colophon (recto of leaf XVI).</marc:subfield></marc:datafield><marc:datafield tag="500" ind1=" " ind2=" "><marc:subfield code="a">Signatures: [1]⁸, [2]¹⁰.</marc:subfield></marc:datafield><marc:datafield tag="500" ind1=" " ind2=" "><marc:subfield code="a">Capital spaces with guide letters.</marc:subfield></marc:datafield><marc:datafield tag="510" ind1="4" ind2=" "><marc:subfield code="a">Goff</marc:subfield><marc:subfield code="c">P-1139.</marc:subfield></marc:datafield><marc:datafield tag="510" ind1="4" ind2=" "><marc:subfield code="a">Hain</marc:subfield><marc:subfield code="c">13608*.</marc:subfield></marc:datafield><marc:datafield tag="510" ind1="4" ind2=" "><marc:subfield code="a">BM 15th cent.,</marc:subfield><marc:subfield code="c">VI, p. 885 (IA.28463).</marc:subfield></marc:datafield><marc:datafield tag="590" ind1=" " ind2=" "><marc:subfield code="a">Folger copy: early manuscript notes in brown and red inks with fists, brackets, underlining, &quot;nota&quot; markings and paragraph marks; manuscript table of contents on verso of leaf XVI; signatures added by hand.</marc:subfield></marc:datafield><marc:datafield tag="590" ind1=" " ind2=" "><marc:subfield code="a">Inscription at head of t.p. (reading from outer to inner margin) undeciphered; booklabel of Charles Butler (no. 957 in the Sotheby sale catalog of his collection, April 1911); bookplate of W.T. Smedley; purchased in 1924.</marc:subfield></marc:datafield><marc:datafield tag="590" ind1=" " ind2=" "><marc:subfield code="a">In a later vellum binding; edges untrimmed; rust on fore-edge of first leaf.</marc:subfield></marc:datafield><marc:datafield tag="650" ind1=" " ind2="0"><marc:subfield code="a">Education, Humanistic.</marc:subfield></marc:datafield><marc:datafield tag="655" ind1=" " ind2="7"><marc:subfield code="a">Annotations (Provenance)</marc:subfield><marc:subfield code="2">rbprov</marc:subfield></marc:datafield><marc:datafield tag="740" ind1="0" ind2=" "><marc:subfield code="a">De generosa liberorum educatione libellus.</marc:subfield></marc:datafield><marc:datafield tag="740" ind1="0" ind2=" "><marc:subfield code="a">De liberorvm edvcatione.</marc:subfield></marc:datafield><marc:datafield tag="700" ind1="1" ind2=" "><marc:subfield code="a">Butler, Charles,</marc:subfield><marc:subfield code="d">1821-1910,</marc:subfield><marc:subfield code="e">former owner.</marc:subfield></marc:datafield><marc:datafield tag="700" ind1="1" ind2=" "><marc:subfield code="a">Smedley, William T.</marc:subfield><marc:subfield code="q">(William Thomas),</marc:subfield><marc:subfield code="d">b. 1851,</marc:subfield><marc:subfield code="e">former owner.</marc:subfield></marc:datafield><marc:datafield tag="700" ind1="1" ind2=" "><marc:subfield code="a">Leye, Geraert van der,</marc:subfield><marc:subfield code="d">fl. 1471-1498,</marc:subfield><marc:subfield code="e">printer.</marc:subfield></marc:datafield><marc:datafield tag="752" ind1=" " ind2="0"><marc:subfield code="a">Italy</marc:subfield><marc:subfield code="d">Treviso.</marc:subfield></marc:datafield><marc:datafield tag="950" ind1=" " ind2=" "><marc:subfield code="l">RARE</marc:subfield><marc:subfield code="i">11/29/95 C</marc:subfield></marc:datafield><marc:datafield tag="998" ind1=" " ind2=" "><marc:subfield code="a">11/29/95</marc:subfield><marc:subfield code="t">c</marc:subfield><marc:subfield code="s">9110</marc:subfield><marc:subfield code="n">DFo</marc:subfield><marc:subfield code="w">DCLC91158750B</marc:subfield><marc:subfield code="d">11/27/95</marc:subfield><marc:subfield code="c">ML</marc:subfield><marc:subfield code="b">MT</marc:subfield><marc:subfield code="l">DCFG</marc:subfield></marc:datafield></marc:record>