
<marc:record><marc:leader>02938cam a2200493 a 4500</marc:leader>
<marc:controlfield tag="001">89701</marc:controlfield>
<marc:controlfield tag="005">20110119165958.0</marc:controlfield><marc:controlfield tag="008">940404s1497    fr            001 0 lat d</marc:controlfield><marc:datafield tag="035" ind1=" " ind2=" "><marc:subfield code="9">DCFG94-B1591</marc:subfield></marc:datafield><marc:datafield tag="040" ind1=" " ind2=" "><marc:subfield code="a">DFo</marc:subfield><marc:subfield code="c">DFo</marc:subfield><marc:subfield code="e">dcrb</marc:subfield><marc:subfield code="d">UtOrBLW</marc:subfield></marc:datafield><marc:datafield tag="090" ind1=" " ind2=" "><marc:subfield code="b">INC B369</marc:subfield><marc:subfield code="t">6̃30</marc:subfield><marc:subfield code="t">7̃55</marc:subfield><marc:subfield code="t">7̃96-1</marc:subfield><marc:subfield code="t">7̃96-3</marc:subfield><marc:subfield code="i">05/31/94 N</marc:subfield><marc:subfield code="h">04/15/94 C</marc:subfield></marc:datafield><marc:datafield tag="240" ind1="1" ind2="0"><marc:subfield code="a">Sermones super Cantica Canticorum</marc:subfield></marc:datafield><marc:datafield tag="245" ind1="1" ind2="0"><marc:subfield code="a">Sermones Sancti Bernardi Abbatis Clareuallis super Ca[n]tica ca[n]tico[rum]. Sermones Gilberti super Cantica canticorum.</marc:subfield></marc:datafield><marc:datafield tag="260" ind1=" " ind2=" "><marc:subfield code="a">Argentine :</marc:subfield><marc:subfield code="b">Per Martinum Flach inibi conciuem,</marc:subfield><marc:subfield code="c">anno Domini 1497.</marc:subfield></marc:datafield><marc:datafield tag="300" ind1=" " ind2=" "><marc:subfield code="a">[404] p. ;</marc:subfield><marc:subfield code="c">31 cm. (fol.)</marc:subfield></marc:datafield><marc:datafield tag="500" ind1=" " ind2=" "><marc:subfield code="a">&quot;Sermones Gilberti super Cantica canticorum&quot; has separate signatures and special index.</marc:subfield></marc:datafield><marc:datafield tag="500" ind1=" " ind2=" "><marc:subfield code="a">Imprint from colophon at end of 2nd pt. (leaf L7r).</marc:subfield></marc:datafield><marc:datafield tag="500" ind1=" " ind2=" "><marc:subfield code="a">Signatures: [*]¹⁰, a⁸, b-d⁶, e⁸, f⁶, g⁸, h-r⁶, s⁸, [et]⁴, A⁸, B-I⁶, K-L⁸.</marc:subfield></marc:datafield><marc:datafield tag="500" ind1=" " ind2=" "><marc:subfield code="a">Leaves s8 and L8 are blank.</marc:subfield></marc:datafield><marc:datafield tag="500" ind1=" " ind2=" "><marc:subfield code="a">Capital spaces with guide letters.</marc:subfield></marc:datafield><marc:datafield tag="500" ind1=" " ind2=" "><marc:subfield code="a">Printed in 2 columns.</marc:subfield></marc:datafield><marc:datafield tag="510" ind1="4" ind2=" "><marc:subfield code="a">Goff</marc:subfield><marc:subfield code="c">B-430.</marc:subfield></marc:datafield><marc:datafield tag="510" ind1="4" ind2=" "><marc:subfield code="a">BM 15th cent.,</marc:subfield><marc:subfield code="c">I, p. 154 (IB.2206).</marc:subfield></marc:datafield><marc:datafield tag="510" ind1="4" ind2=" "><marc:subfield code="a">GW</marc:subfield><marc:subfield code="c">3937.</marc:subfield></marc:datafield><marc:datafield tag="500" ind1=" " ind2=" "><marc:subfield code="a">Includes indexes.</marc:subfield></marc:datafield><marc:datafield tag="590" ind1=" " ind2=" "><marc:subfield code="a">Folger copy: leaf L8, blank, lacking; leaf s7 torn away, except for lower inner corner.</marc:subfield></marc:datafield><marc:datafield tag="590" ind1=" " ind2=" "><marc:subfield code="a">Initials and a few capital strokes provided in red paint.</marc:subfield></marc:datafield><marc:datafield tag="590" ind1=" " ind2=" "><marc:subfield code="a">Early manuscript notes.</marc:subfield></marc:datafield><marc:datafield tag="590" ind1=" " ind2=" "><marc:subfield code="a">Inscription on verso of last leaf &quot;Cokersand Orate p[ro] a[n]i[m]a FFris̃ mathei makerell&quot;; inscription on leaf D3v &quot;RA of Sturbridge&quot;; inscription on t.p. &quot;Thos Leigh. Ex dono M. Tho. Byrd.&quot;; bookplate of W.T. Smedley; purchased in 1924.</marc:subfield></marc:datafield><marc:datafield tag="590" ind1=" " ind2=" "><marc:subfield code="a">In a contemporary English calf binding, blind tooled with double-headed eagle and WG binder stamps, and foliage design frame, intersecting (possibly from Cambridge). Cf. Oldham, J.B. English blind-stamped bindings, plate X, nos. 21, 24, 26; remains of 2 clasps; rebacked; manuscript fragments originally used as pastedowns have been mounted at the front and the back of the book at the time of the repair; inscription on fore-edge &quot;S. Bernardj sup[er] cantica&quot;, reading from top to lower edge; in a tailored box.</marc:subfield></marc:datafield><marc:datafield tag="630" ind1="0" ind2="0"><marc:subfield code="a">Bible.</marc:subfield><marc:subfield code="p">O.T.</marc:subfield><marc:subfield code="p">Song of Solomon</marc:subfield><marc:subfield code="v">Sermons.</marc:subfield></marc:datafield><marc:datafield tag="655" ind1=" " ind2="7"><marc:subfield code="a">Annotations (Provenance)</marc:subfield><marc:subfield code="2">rbprov</marc:subfield></marc:datafield><marc:datafield tag="655" ind1=" " ind2="7"><marc:subfield code="a">Calf bindings (Binding)</marc:subfield><marc:subfield code="z">England</marc:subfield><marc:subfield code="y">15th century.</marc:subfield><marc:subfield code="2">rbbin</marc:subfield></marc:datafield><marc:datafield tag="655" ind1=" " ind2="7"><marc:subfield code="a">Manuscript waste (Binding)</marc:subfield><marc:subfield code="2">rbbin</marc:subfield></marc:datafield><marc:datafield tag="710" ind1="2" ind2=" "><marc:subfield code="a">Cockersand Abbey,</marc:subfield><marc:subfield code="e">former owner.</marc:subfield></marc:datafield><marc:datafield tag="700" ind1="1" ind2=" "><marc:subfield code="a">W., G.,</marc:subfield><marc:subfield code="e">binder.</marc:subfield></marc:datafield><marc:datafield tag="700" ind1="1" ind2=" "><marc:subfield code="a">Leigh, Thomas,</marc:subfield><marc:subfield code="d">1633 or 4-1686,</marc:subfield><marc:subfield code="e">former owner.</marc:subfield></marc:datafield><marc:datafield tag="700" ind1="1" ind2=" "><marc:subfield code="a">Smedley, William T.</marc:subfield><marc:subfield code="q">(William Thomas),</marc:subfield><marc:subfield code="d">b. 1851,</marc:subfield><marc:subfield code="e">former owner.</marc:subfield></marc:datafield><marc:datafield tag="700" ind1="1" ind2=" "><marc:subfield code="a">Flach, Martin,</marc:subfield><marc:subfield code="d">d. 1500,</marc:subfield><marc:subfield code="e">printer.</marc:subfield></marc:datafield><marc:datafield tag="752" ind1="1" ind2="0"><marc:subfield code="d">Strasbourg.</marc:subfield></marc:datafield><marc:datafield tag="100" ind1="0" ind2=" "><marc:subfield code="a">Bernard,</marc:subfield><marc:subfield code="c">of Clairvaux, Saint,</marc:subfield><marc:subfield code="d">1090 or 91-1153.</marc:subfield></marc:datafield><marc:datafield tag="700" ind1="0" ind2="2"><marc:subfield code="a">Gilbert,</marc:subfield><marc:subfield code="c">of Hoyland.</marc:subfield><marc:subfield code="t">Sermones super Cantica canticorum.</marc:subfield><marc:subfield code="f">1497.</marc:subfield></marc:datafield><marc:datafield tag="950" ind1=" " ind2=" "><marc:subfield code="l">RARE</marc:subfield><marc:subfield code="h">04/15/94 C</marc:subfield></marc:datafield><marc:datafield tag="998" ind1=" " ind2=" "><marc:subfield code="a">05/31/94</marc:subfield><marc:subfield code="t">c</marc:subfield><marc:subfield code="s">9114</marc:subfield><marc:subfield code="n">DFo</marc:subfield><marc:subfield code="w">DCFG94B1591</marc:subfield><marc:subfield code="d">04/04/94</marc:subfield><marc:subfield code="c">ML</marc:subfield><marc:subfield code="b">MT</marc:subfield><marc:subfield code="l">DCFG</marc:subfield></marc:datafield></marc:record>