
<marc:record><marc:leader>03558cam a2200457 a 4500</marc:leader>
<marc:controlfield tag="001">89244</marc:controlfield>
<marc:controlfield tag="005">20110119165947.0</marc:controlfield><marc:controlfield tag="008">931105s1488    gw a          000 0 lat d</marc:controlfield><marc:datafield tag="035" ind1=" " ind2=" "><marc:subfield code="9">DCFG93-B14961</marc:subfield></marc:datafield><marc:datafield tag="035" ind1=" " ind2=" "><marc:subfield code="a">89244</marc:subfield></marc:datafield><marc:datafield tag="040" ind1=" " ind2=" "><marc:subfield code="a">DFo</marc:subfield><marc:subfield code="c">DFo</marc:subfield><marc:subfield code="e">dcrb</marc:subfield><marc:subfield code="d">UtOrBLW</marc:subfield></marc:datafield><marc:datafield tag="090" ind1=" " ind2=" "><marc:subfield code="b">INC A624</marc:subfield><marc:subfield code="f">167401</marc:subfield><marc:subfield code="t">6̃50</marc:subfield><marc:subfield code="t">6̃90-2</marc:subfield><marc:subfield code="i">11/17/93 C</marc:subfield></marc:datafield><marc:datafield tag="100" ind1="1" ind2=" "><marc:subfield code="a">Angelus, Johannes,</marc:subfield><marc:subfield code="d">1463-1512.</marc:subfield></marc:datafield><marc:datafield tag="240" ind1="0" ind2="0"><marc:subfield code="a">Astrolabium</marc:subfield></marc:datafield><marc:datafield tag="245" ind1="1" ind2="0"><marc:subfield code="a">Astrolabium planu[m] in tabulis ascendens :</marc:subfield><marc:subfield code="b">co[n]tinens qualibet hora atq[ue] mi[nu]to, equationes domoru[m] celi, mora[m] nati in vtero matris cu[m] quoda[m] tractatu natiuitatu[m] vtili ac ornato, nec no[n] horas inequales [pro] quolibet climate mundi.</marc:subfield></marc:datafield><marc:datafield tag="260" ind1=" " ind2=" "><marc:subfield code="a">Auguste Vindelicoru[m] :</marc:subfield><marc:subfield code="b">Erhardi Ratdolt Auguste[n]sis ...,</marc:subfield><marc:subfield code="c">vigesimoseptimo Kalendas Nouembris [i.e. 6 Oct.? or 27 Nov.?], 1488.</marc:subfield></marc:datafield><marc:datafield tag="300" ind1=" " ind2=" "><marc:subfield code="a">[352] p. (the last [4] p. blank) :</marc:subfield><marc:subfield code="b">ill. (woodcuts) ;</marc:subfield><marc:subfield code="c">23 cm. (4to)</marc:subfield></marc:datafield><marc:datafield tag="500" ind1=" " ind2=" "><marc:subfield code="a">Imprint from colophon, which reads: Opus Astrolabij plani in tabulis: a Iohãne Angeli artium liberaliũ magistro a nouo elaboratũ: explicit feliciter. Erhardi ratdolt Augustẽsis viri solertis: eximia industria: [et] mira imprimendi arte: qua nup[er] venecijs: nunc Auguste vindelicorũ excellet nominatissimus. Vigesimoseptimo kalendas Nouembris. M.cccc.lxxviij. Laus deo.</marc:subfield></marc:datafield><marc:datafield tag="500" ind1=" " ind2=" "><marc:subfield code="a">&quot;... Subsunt in hac secũda parte figure celi ad medium sexti climatis ... per duodecim domos verificate. quibus: imagines facierum preponuntur: graduumq[ue] omnium signorum imagines: ab excellentissimo viro ... Petro de abano elaboratas ...&quot;--leaf e8v.</marc:subfield></marc:datafield><marc:datafield tag="500" ind1=" " ind2=" "><marc:subfield code="a">&quot;... Insequitur has tabulas tractatus quidam in natiuitatibus multum vtilis. ex [Matheseos] libris ... Iulij firmici: extratus ...&quot;--leaf s1v.</marc:subfield></marc:datafield><marc:datafield tag="500" ind1=" " ind2=" "><marc:subfield code="a">Signatures: []⁴, a-e⁸, f-s⁴, t-y⁸, z¹², A-C⁸, D¹² (c4 signed c3, c7 signed b4, l1 and r1 unsigned).</marc:subfield></marc:datafield><marc:datafield tag="500" ind1=" " ind2=" "><marc:subfield code="a">Printed in a single column 40 lines per page; woodcut initial and illustrations; initial M printed upside down on leaf x5r.</marc:subfield></marc:datafield><marc:datafield tag="510" ind1="4" ind2=" "><marc:subfield code="a">Goff</marc:subfield><marc:subfield code="c">A-711.</marc:subfield></marc:datafield><marc:datafield tag="510" ind1="4" ind2=" "><marc:subfield code="a">BM 15th cent.,</marc:subfield><marc:subfield code="c">II, p. 382 (IA.6670).</marc:subfield></marc:datafield><marc:datafield tag="510" ind1="4" ind2=" "><marc:subfield code="a">GW</marc:subfield><marc:subfield code="c">1900.</marc:subfield></marc:datafield><marc:datafield tag="510" ind1="4" ind2=" "><marc:subfield code="a">Klebs, A.C. Incunabula scientifica et medica,</marc:subfield><marc:subfield code="c">375.1.</marc:subfield></marc:datafield><marc:datafield tag="500" ind1=" " ind2=" "><marc:subfield code="a">Includes register.</marc:subfield></marc:datafield><marc:datafield tag="590" ind1=" " ind2=" "><marc:subfield code="a">Folger copy: conjugate leaves f1, f4, leaf g1, conjugage leaves D1, D12 and D2, D11 (leaves D11 and D12 blank) lacking, supplied in manuscript (manuscript replacement leaf of leaf f4, misbound between leaves g4 and h1); a crude pigment, obscuring the tables, splattered on a few leaves at the beginning of the book; tables on leaves a7v and a8r highlighted with green paint; leaves have been repaired throughout, with slight loss of text in first gathering; fumigated with ethylene oxide in 1982.</marc:subfield></marc:datafield><marc:datafield tag="590" ind1=" " ind2=" "><marc:subfield code="a">Manuscript notes in red in title, partially illegible, with some underlining and finding notes in text; other early manuscript notes on t.p. and in margins in brown ink; error in signature on leaf c4 corrected by hand in brown ink.</marc:subfield></marc:datafield><marc:datafield tag="590" ind1=" " ind2=" "><marc:subfield code="a">Purchased in 1958.</marc:subfield></marc:datafield><marc:datafield tag="650" ind1=" " ind2="0"><marc:subfield code="a">Astronomy</marc:subfield><marc:subfield code="v">Early works to 1800.</marc:subfield></marc:datafield><marc:datafield tag="650" ind1=" " ind2="0"><marc:subfield code="a">Astrology</marc:subfield><marc:subfield code="v">Early works to 1800.</marc:subfield></marc:datafield><marc:datafield tag="650" ind1=" " ind2="0"><marc:subfield code="a">Astrolabes</marc:subfield><marc:subfield code="v">Early works to 1800.</marc:subfield></marc:datafield><marc:datafield tag="655" ind1=" " ind2="7"><marc:subfield code="a">Annotations (Provenance)</marc:subfield><marc:subfield code="2">rbprov</marc:subfield></marc:datafield><marc:datafield tag="655" ind1=" " ind2="7"><marc:subfield code="a">Illustrated works</marc:subfield><marc:subfield code="z">Germany</marc:subfield><marc:subfield code="y">15th century.</marc:subfield><marc:subfield code="2">rbgenr</marc:subfield></marc:datafield><marc:datafield tag="700" ind1="1" ind2="2"><marc:subfield code="a">Firmicus Maternus, Julius.</marc:subfield><marc:subfield code="t">Mathesis.</marc:subfield><marc:subfield code="n">Books 3-5.</marc:subfield><marc:subfield code="f">1488.</marc:subfield></marc:datafield><marc:datafield tag="700" ind1="1" ind2=" "><marc:subfield code="a">Ratdolt, Erhard,</marc:subfield><marc:subfield code="d">1447?-1527 or 8,</marc:subfield><marc:subfield code="e">printer.</marc:subfield></marc:datafield><marc:datafield tag="752" ind1="1" ind2="0"><marc:subfield code="a">Germany</marc:subfield><marc:subfield code="d">Augsburg.</marc:subfield></marc:datafield><marc:datafield tag="700" ind1="0" ind2=" "><marc:subfield code="a">Petrus,</marc:subfield><marc:subfield code="c">de Abano,</marc:subfield><marc:subfield code="d">ca. 1250-ca. 1315.</marc:subfield></marc:datafield><marc:datafield tag="950" ind1=" " ind2=" "><marc:subfield code="l">RARE</marc:subfield><marc:subfield code="i">11/17/93 C</marc:subfield></marc:datafield><marc:datafield tag="998" ind1=" " ind2=" "><marc:subfield code="a">11/17/93</marc:subfield><marc:subfield code="t">c</marc:subfield><marc:subfield code="s">9114</marc:subfield><marc:subfield code="n">DFo</marc:subfield><marc:subfield code="w">DCFG93B14961</marc:subfield><marc:subfield code="d">11/05/93</marc:subfield><marc:subfield code="c">ML</marc:subfield><marc:subfield code="b">MT</marc:subfield><marc:subfield code="l">DCFG</marc:subfield></marc:datafield></marc:record>