
<marc:record><marc:leader>02382cam a2200397 a 4500</marc:leader>
<marc:controlfield tag="001">89191</marc:controlfield>
<marc:controlfield tag="005">20120411121456.0</marc:controlfield><marc:controlfield tag="008">931026s1490    gw a          000 0 lat d</marc:controlfield><marc:datafield tag="035" ind1=" " ind2=" "><marc:subfield code="9">DCFG93-B14793</marc:subfield></marc:datafield><marc:datafield tag="040" ind1=" " ind2=" "><marc:subfield code="a">rpjcb</marc:subfield><marc:subfield code="c">rpjcb</marc:subfield><marc:subfield code="d">DFo</marc:subfield><marc:subfield code="e">dcrb</marc:subfield><marc:subfield code="d">UtOrBLW</marc:subfield></marc:datafield><marc:datafield tag="090" ind1=" " ind2=" "><marc:subfield code="b">INC A422</marc:subfield><marc:subfield code="f">cs1966</marc:subfield><marc:subfield code="t">6̃50</marc:subfield><marc:subfield code="t">6̃90</marc:subfield><marc:subfield code="i">11/17/93 C</marc:subfield><marc:subfield code="h">11/03/93 X</marc:subfield><marc:subfield code="h">10/26/93 C</marc:subfield></marc:datafield><marc:datafield tag="100" ind1="1" ind2=" "><marc:subfield code="a">Ailly, Pierre d',</marc:subfield><marc:subfield code="d">1350-1420?</marc:subfield></marc:datafield><marc:datafield tag="240" ind1="0" ind2="0"><marc:subfield code="a">Concordantia astronomiae cum theologia</marc:subfield></marc:datafield><marc:datafield tag="245" ind1="1" ind2="0"><marc:subfield code="a">Co[n]corda[n]tia astronomie cu[m] theologia co[n]corda[n]tia astronomie cu[m] hystorica narratione :</marc:subfield><marc:subfield code="b">et elucidariu[m] duo[rum] precedentium, d[omi]ni Petri de Aliaco Cardinalis Cameracensis.</marc:subfield></marc:datafield><marc:datafield tag="260" ind1=" " ind2=" "><marc:subfield code="a">Auguste Vindelicorum :</marc:subfield><marc:subfield code="b">Erhardi[que] Ratdolt mira imprimendi arte ...,</marc:subfield><marc:subfield code="c">4 Nonas Ianuarij [2 Jan.] 1490.</marc:subfield></marc:datafield><marc:datafield tag="300" ind1=" " ind2=" "><marc:subfield code="a">[112] p. :</marc:subfield><marc:subfield code="b">1 ill. (woodcut) ;</marc:subfield><marc:subfield code="c">21 cm. (4to)</marc:subfield></marc:datafield><marc:datafield tag="500" ind1=" " ind2=" "><marc:subfield code="a">Previously published as part of a collection entitled Imago mundi. Louvain, 1483.</marc:subfield></marc:datafield><marc:datafield tag="500" ind1=" " ind2=" "><marc:subfield code="a">Imprint from colophon, which reads: Opus concordantie astronomie cum theologia necnon hystorice veritat[is] narratione explicit feliciter. Magistri Ioannis angeli viri peritissimi diligẽti correctione. Erhardi[que] Ratdolt mira imprimendi arte: qua nuper Uenetijs nũc Auguste vindelicorum excellit nominatissimus. 4. nonas Ianuarij. 1490.</marc:subfield></marc:datafield><marc:datafield tag="500" ind1=" " ind2=" "><marc:subfield code="a">Signatures: a-g⁸.</marc:subfield></marc:datafield><marc:datafield tag="500" ind1=" " ind2=" "><marc:subfield code="a">Woodcut on t.p. verso depicting the dialogue between a theologian and an astronomer; diagrams  in text.</marc:subfield></marc:datafield><marc:datafield tag="500" ind1=" " ind2=" "><marc:subfield code="a">Ornamental initials throughout; printer's device printed in red and black.</marc:subfield></marc:datafield><marc:datafield tag="510" ind1="4" ind2=" "><marc:subfield code="a">Goff</marc:subfield><marc:subfield code="c">A-471.</marc:subfield></marc:datafield><marc:datafield tag="510" ind1="4" ind2=" "><marc:subfield code="a">BM 15th cent.,</marc:subfield><marc:subfield code="c">II, p. 383 (IA.6695).</marc:subfield></marc:datafield><marc:datafield tag="510" ind1="4" ind2=" "><marc:subfield code="a">Klebs, A.C. Incunabula scientifica et medica,</marc:subfield><marc:subfield code="c">768.1.</marc:subfield></marc:datafield><marc:datafield tag="585" ind1=" " ind2=" "><marc:subfield code="a">Washington, D.C., Folger Shakespeare Library, 1986-1987. Time, the greatest innovator (p. 48)</marc:subfield><marc:subfield code="5">DFo</marc:subfield></marc:datafield><marc:datafield tag="590" ind1=" " ind2=" "><marc:subfield code="a">Folger copy: last leaf, bearing printer's device, lacking; some worm holes throughout the volume, slightly affecting text.</marc:subfield></marc:datafield><marc:datafield tag="590" ind1=" " ind2=" "><marc:subfield code="a">Rebound in a new tacketed limp cover.</marc:subfield></marc:datafield><marc:datafield tag="590" ind1=" " ind2=" "><marc:subfield code="a">Purchased in 1915.</marc:subfield></marc:datafield><marc:datafield tag="650" ind1=" " ind2="0"><marc:subfield code="a">Astronomy</marc:subfield><marc:subfield code="v">Early works to 1800.</marc:subfield></marc:datafield><marc:datafield tag="655" ind1=" " ind2="7"><marc:subfield code="a">Illustrated works</marc:subfield><marc:subfield code="y">15th and 16th centuries.</marc:subfield><marc:subfield code="2">rbgenr</marc:subfield></marc:datafield><marc:datafield tag="700" ind1="1" ind2=" "><marc:subfield code="a">Angelus, Johannes,</marc:subfield><marc:subfield code="d">1463-1512.</marc:subfield></marc:datafield><marc:datafield tag="700" ind1="1" ind2=" "><marc:subfield code="a">Ratdolt, Erhard,</marc:subfield><marc:subfield code="d">1447?-1527 or 8,</marc:subfield><marc:subfield code="e">printer.</marc:subfield></marc:datafield><marc:datafield tag="752" ind1="1" ind2="0"><marc:subfield code="d">Augsburg.</marc:subfield></marc:datafield><marc:datafield tag="852" ind1=" " ind2=" "><marc:subfield code="x">rev. JAL 201203</marc:subfield></marc:datafield><marc:datafield tag="950" ind1=" " ind2=" "><marc:subfield code="l">RARE</marc:subfield><marc:subfield code="i">11/17/93 C</marc:subfield><marc:subfield code="h">10/26/93 C</marc:subfield></marc:datafield><marc:datafield tag="998" ind1=" " ind2=" "><marc:subfield code="a">11/17/93</marc:subfield><marc:subfield code="t">c</marc:subfield><marc:subfield code="s">9114</marc:subfield><marc:subfield code="n">DFo</marc:subfield><marc:subfield code="w">DCFG93B14793</marc:subfield><marc:subfield code="d">10/26/93</marc:subfield><marc:subfield code="c">ML</marc:subfield><marc:subfield code="b">MT</marc:subfield><marc:subfield code="l">DCFG</marc:subfield></marc:datafield></marc:record>