
<marc:record><marc:leader>03018cam a2200421 a 4500</marc:leader>
<marc:controlfield tag="001">89763</marc:controlfield>
<marc:controlfield tag="005">20120821162528.0</marc:controlfield><marc:controlfield tag="008">940421s1491    sz            000 0 lat d</marc:controlfield><marc:datafield tag="035" ind1=" " ind2=" "><marc:subfield code="9">DCFG94-B2043</marc:subfield></marc:datafield><marc:datafield tag="040" ind1=" " ind2=" "><marc:subfield code="a">DFo</marc:subfield><marc:subfield code="c">DFo</marc:subfield><marc:subfield code="e">dcrb</marc:subfield></marc:datafield><marc:datafield tag="090" ind1=" " ind2=" "><marc:subfield code="b">INC B526</marc:subfield><marc:subfield code="f">cs1998</marc:subfield><marc:subfield code="t">7̃40</marc:subfield><marc:subfield code="t">7̃96-3</marc:subfield><marc:subfield code="i">11/14/94 X</marc:subfield><marc:subfield code="h">05/17/94 C</marc:subfield></marc:datafield><marc:datafield tag="130" ind1="0" ind2=" "><marc:subfield code="a">Bible.</marc:subfield><marc:subfield code="l">Latin.</marc:subfield><marc:subfield code="s">Vulgate.</marc:subfield><marc:subfield code="f">1491.</marc:subfield></marc:datafield><marc:datafield tag="245" ind1="1" ind2="0"><marc:subfield code="a">Biblia integra, summata, distincta, sup[er]eme[n]data, vtriusq[ue], Testame[n]ti [con]corda[n]tijs illustrata.</marc:subfield></marc:datafield><marc:datafield tag="246" ind1="3" ind2="3"><marc:subfield code="a">Biblia latina</marc:subfield></marc:datafield><marc:datafield tag="260" ind1=" " ind2=" "><marc:subfield code="a">Basilee ... :</marc:subfield><marc:subfield code="b">Per Ioha[n]nem Froben de Hammelburck,</marc:subfield><marc:subfield code="c">anno [27 June 1491]</marc:subfield></marc:datafield><marc:datafield tag="300" ind1=" " ind2=" "><marc:subfield code="a">[992] p. (the last [4] p. blank) ;</marc:subfield><marc:subfield code="c">16 cm. (8vo)</marc:subfield></marc:datafield><marc:datafield tag="500" ind1=" " ind2=" "><marc:subfield code="a">Imprint from colophon (leaf [2nd]11 8v), date in Latin words.</marc:subfield></marc:datafield><marc:datafield tag="500" ind1=" " ind2=" "><marc:subfield code="a">Signatures: [*]⁴, a-y⁸, A-Z⁸, 1-10⁸, II⁴, [2nd]II⁸, [2nd]A-[2nd]E⁸.</marc:subfield></marc:datafield><marc:datafield tag="500" ind1=" " ind2=" "><marc:subfield code="a">Printed in 2 columns.</marc:subfield></marc:datafield><marc:datafield tag="500" ind1=" " ind2=" "><marc:subfield code="a">Capital spaces with guide letters.</marc:subfield></marc:datafield><marc:datafield tag="500" ind1=" " ind2=" "><marc:subfield code="a">Leaves a1, [2nd]E7 and [2nd]E⁸ are blank.</marc:subfield></marc:datafield><marc:datafield tag="510" ind1="4" ind2=" "><marc:subfield code="a">Goff</marc:subfield><marc:subfield code="c">B-592.</marc:subfield></marc:datafield><marc:datafield tag="510" ind1="4" ind2=" "><marc:subfield code="a">BM 15th cent.,</marc:subfield><marc:subfield code="c">III, p. 789 (IA.37873).</marc:subfield></marc:datafield><marc:datafield tag="510" ind1="4" ind2=" "><marc:subfield code="a">GW</marc:subfield><marc:subfield code="c">4269.</marc:subfield></marc:datafield><marc:datafield tag="510" ind1="4" ind2=" "><marc:subfield code="a">Hain-Copinger</marc:subfield><marc:subfield code="c">3107.</marc:subfield></marc:datafield><marc:datafield tag="590" ind1=" " ind2=" "><marc:subfield code="a">Folger copy lacks leaves [*]2-[*]4 with table, a1 (blank), and [2nd]E8 (blank); verso of t.p. is blank.</marc:subfield></marc:datafield><marc:datafield tag="590" ind1=" " ind2=" "><marc:subfield code="a">Initials, paragraph marks and underlining of headlines and titles of chapters provided in red paint throughout the book; initial in red and blue at beginning of Genesis; all capitals in Book of Psalms have been highlighted in yellow.</marc:subfield></marc:datafield><marc:datafield tag="590" ind1=" " ind2=" "><marc:subfield code="a">Manuscript notes at foot of leaf X5v, erased, illegible; notes and quotations on parchment flyleaves; same leaves also bear manuscript text, reading upside down and mostly effaced (on verso of front flyleaf, dealing with astronomy, and recto of back flyleaf, illegible).</marc:subfield></marc:datafield><marc:datafield tag="590" ind1=" " ind2=" "><marc:subfield code="a">Several sets of ownership inscriptions on front and back flyleaves and on verso of last leaf, reading: &quot;Georgius Könleÿnn sibi suisq[ue] hunc vendicat librum Anno D m.d.lxvi [...]&quot;, &quot;Georgius Könleynn, Pastor Ecclesie Dorffgüetingenssis M.D.LXVI&quot;, and &quot;Georgius, &amp; Georgius Fridericus, Georgij Könleini, pastoris Ecclesiae Dorffgütingensis, piè defuncti, filij, hunc librum communem habent. Actum Argentinae Anno M.D.XCI. die vero 27. Iulij [...]&quot;; also handwritten calculation of the age of the book to the years 1624 and 1631; another ownership inscription at foot of leaf a2r, defaced, illegible.</marc:subfield></marc:datafield><marc:datafield tag="590" ind1=" " ind2=" "><marc:subfield code="a">Brown morocco binding (R. Petit) blind and gold tooled, with marbled and gilt edges; remains of a finding tab on leaf [2nd]E5 and evidence of others at beginning of each Book; repaired.</marc:subfield></marc:datafield><marc:datafield tag="590" ind1=" " ind2=" "><marc:subfield code="a">Purchased in 1915.</marc:subfield></marc:datafield><marc:datafield tag="700" ind1="1" ind2=" "><marc:subfield code="a">Könlein family,</marc:subfield><marc:subfield code="e">former owner.</marc:subfield></marc:datafield><marc:datafield tag="700" ind1="1" ind2=" "><marc:subfield code="a">Froben, Johann,</marc:subfield><marc:subfield code="d">d. 1527,</marc:subfield><marc:subfield code="e">printer.</marc:subfield></marc:datafield><marc:datafield tag="752" ind1="1" ind2="0"><marc:subfield code="d">Basel.</marc:subfield></marc:datafield><marc:datafield tag="700" ind1="1" ind2=" "><marc:subfield code="a">Petit, R.,</marc:subfield><marc:subfield code="e">binder.</marc:subfield></marc:datafield><marc:datafield tag="856" ind1="4" ind2="1"><marc:subfield code="u">http://luna.folger.edu/luna/servlet/s/7tw5h8</marc:subfield><marc:subfield code="z">Binding images and description for Folger Shakespeare Library INC B526</marc:subfield></marc:datafield><marc:datafield tag="950" ind1=" " ind2=" "><marc:subfield code="l">RARE</marc:subfield><marc:subfield code="h">05/17/94 C</marc:subfield></marc:datafield><marc:datafield tag="998" ind1=" " ind2=" "><marc:subfield code="a">11/14/94</marc:subfield><marc:subfield code="t">c</marc:subfield><marc:subfield code="s">9114</marc:subfield><marc:subfield code="n">DFo</marc:subfield><marc:subfield code="w">DCFG94B2043</marc:subfield><marc:subfield code="d">04/21/94</marc:subfield><marc:subfield code="c">ML</marc:subfield><marc:subfield code="b">MT</marc:subfield><marc:subfield code="l">DCFG</marc:subfield></marc:datafield></marc:record>