
<marc:record><marc:leader>05034cam a2200649 a 4500</marc:leader>
<marc:controlfield tag="001">89317</marc:controlfield>
<marc:controlfield tag="005">20120821144453.0</marc:controlfield><marc:controlfield tag="008">931123s1474    it            000 0 lat d</marc:controlfield><marc:datafield tag="035" ind1=" " ind2=" "><marc:subfield code="9">DCFG93-B15301</marc:subfield></marc:datafield><marc:datafield tag="040" ind1=" " ind2=" "><marc:subfield code="a">DFo</marc:subfield><marc:subfield code="c">DFo</marc:subfield><marc:subfield code="e">dcrb</marc:subfield><marc:subfield code="d">UtOrBLW</marc:subfield></marc:datafield><marc:datafield tag="090" ind1=" " ind2=" "><marc:subfield code="b">INC A684</marc:subfield><marc:subfield code="t">6̃50</marc:subfield><marc:subfield code="t">7̃40</marc:subfield><marc:subfield code="t">7̃55</marc:subfield><marc:subfield code="t">7̃96-6</marc:subfield><marc:subfield code="i">03/06/95 N</marc:subfield><marc:subfield code="h">12/07/93 C</marc:subfield></marc:datafield><marc:datafield tag="240" ind1="1" ind2="0"><marc:subfield code="a">De censuris</marc:subfield></marc:datafield><marc:datafield tag="245" ind1="1" ind2="0"><marc:subfield code="a">Incipit Tractatus notabilis de exco[mmun]icationibus suspe[n]sionibus interdictis irregularitatib[us] [et] penis Fratris Antonini Archiep[iscop]i Florentini de ordine Predicatorum.</marc:subfield></marc:datafield><marc:datafield tag="260" ind1=" " ind2=" "><marc:subfield code="a">Cuius nõbilitatis p[re]textu imp[re]ssioni expositus fuit Venetiis :</marc:subfield><marc:subfield code="b">ductu et impensis Iohannis de Colonia Agripine[n]si, ac Ioha[n]nis Ma[n]then [de] Gherretzem,</marc:subfield><marc:subfield code="c">anno Salut[i], 1474, die xxiij. Septe[m]br[i].</marc:subfield></marc:datafield><marc:datafield tag="300" ind1=" " ind2=" "><marc:subfield code="a">[272] p. ;</marc:subfield><marc:subfield code="c">24 cm. (4to)</marc:subfield></marc:datafield><marc:datafield tag="500" ind1=" " ind2=" "><marc:subfield code="a">Title from incipit (leaf a2r).</marc:subfield></marc:datafield><marc:datafield tag="500" ind1=" " ind2=" "><marc:subfield code="a">&quot;Primo Tractat[us] nõbilis. de excõicationibus. suspẽsiõibus. interdictis irregularitatibus ... cũ tabula sua in fine sibi adiũcta. Secũdo Titulus de spõsalib[us] et matrimonio: qui titul[us] extractus de tertia p[ar]te Sũme ...&quot;--Leaf r6v.</marc:subfield></marc:datafield><marc:datafield tag="500" ind1=" " ind2=" "><marc:subfield code="a">The text of Antoninus is taken from his Summa theologica III, titles 24-29, cap. 1 (De censuris) and III title I, cap. 1-23 (De sponsalibus). Cf. CIBN A-460.</marc:subfield></marc:datafield><marc:datafield tag="500" ind1=" " ind2=" "><marc:subfield code="a">Imprint from colophon (leaf r6v).</marc:subfield></marc:datafield><marc:datafield tag="500" ind1=" " ind2=" "><marc:subfield code="a">Signatures: a-b¹⁰, c-k⁸, l⁶, m-q⁸, r⁶ (e3 signed e2; g3 unsigned).</marc:subfield></marc:datafield><marc:datafield tag="500" ind1=" " ind2=" "><marc:subfield code="a">Printed in double columns.</marc:subfield></marc:datafield><marc:datafield tag="500" ind1=" " ind2=" "><marc:subfield code="a">Capital spaces with guide letters.</marc:subfield></marc:datafield><marc:datafield tag="500" ind1=" " ind2=" "><marc:subfield code="a">Leaf a1 is blank.</marc:subfield></marc:datafield><marc:datafield tag="510" ind1="4" ind2=" "><marc:subfield code="a">Goff</marc:subfield><marc:subfield code="c">A-776.</marc:subfield></marc:datafield><marc:datafield tag="510" ind1="4" ind2=" "><marc:subfield code="a">BM 15th cent.</marc:subfield><marc:subfield code="c">V, p. 225 (IB.20227), &amp; XII, p. 16 (IB.20288).</marc:subfield></marc:datafield><marc:datafield tag="510" ind1="4" ind2=" "><marc:subfield code="a">GW</marc:subfield><marc:subfield code="c">2070.</marc:subfield></marc:datafield><marc:datafield tag="500" ind1=" " ind2=" "><marc:subfield code="a">Includes: Paul II's Bulla Cum in omnibus iudiciis, 11 May 1465; Pius II's Constitutio, 17 Nov. 1461; Paul II's Bulla Cum detestabile scelus, 23 Nov. 1464; Bulla Et si dominici, 3 Mar. 1469.</marc:subfield></marc:datafield><marc:datafield tag="590" ind1=" " ind2=" "><marc:subfield code="a">Folger copy: Initials rubricated in red ink; first initial in green paint with red penwork infill; leaf a2r ruled in red; also paragraph marks, capital strokes, brackets, underlining, markings and manuscript notes in margins; numbering of leaves provided from leaves a2 to r6, reading 1-134 (number 82 repeated).</marc:subfield></marc:datafield><marc:datafield tag="590" ind1=" " ind2=" "><marc:subfield code="a">Early manuscript notes in brown ink in different hands, with fists, brackets, markings and corrections in text; also a set of manuscript notes on 1st leaf (blank) and on verso of last leaf in the same hand.</marc:subfield></marc:datafield><marc:datafield tag="590" ind1=" " ind2=" "><marc:subfield code="a">Manuscript record of personal accounting on 1st and last leaves, dated December 1616 &quot;... Io frã Giõ Agostino da Caluatone io ho imprestato a Meser Gaspar Paglia ..&quot; with record of loans; another note in a different hand &quot;Frã Giõ Battá da Pauia chlerico eiusdem ordinis ...&quot; on 1st leaf; on leaf a2r &quot;... Ad usu[m] Frĩs baptist[a]e de p[...?]; autograph of Michael Wodhull his note of prices and date &quot;Nov: 28th 1791&quot; on front fly leaf, and his date &quot;Nov: 27th 1798&quot; at end of the book (no. 135 in the Sotheby sale catalog of his library, January 1886) ; another of his notes on front fly leaf indicates provenance &quot;Crevenna&quot; (no. 645 in vol. 1 of Pietro Antonio Crevenna's 1789 catalog); bookplate of W.T. Smedley; purchased in 1924.</marc:subfield></marc:datafield><marc:datafield tag="590" ind1=" " ind2=" "><marc:subfield code="a">18th century Russia leather binding with the arms of Michael Wodhull gold tooled on front cover (by Roger Payne); rebacked; in a tailored box.</marc:subfield></marc:datafield><marc:datafield tag="650" ind1=" " ind2="0"><marc:subfield code="a">Censures, Ecclesiastical.</marc:subfield></marc:datafield><marc:datafield tag="650" ind1=" " ind2="0"><marc:subfield code="a">Betrothal (Canon law)</marc:subfield></marc:datafield><marc:datafield tag="650" ind1=" " ind2="0"><marc:subfield code="a">Marriage.</marc:subfield></marc:datafield><marc:datafield tag="650" ind1=" " ind2="0"><marc:subfield code="a">Censorship (Canon law)</marc:subfield></marc:datafield><marc:datafield tag="655" ind1=" " ind2="7"><marc:subfield code="a">Annotations (Provenance)</marc:subfield><marc:subfield code="2">rbprov</marc:subfield></marc:datafield><marc:datafield tag="655" ind1=" " ind2="7"><marc:subfield code="a">Prices (Provenance)</marc:subfield><marc:subfield code="2">rbprov</marc:subfield></marc:datafield><marc:datafield tag="655" ind1=" " ind2="7"><marc:subfield code="a">Russia leather bindings (Binding)</marc:subfield><marc:subfield code="2">rbbin</marc:subfield></marc:datafield><marc:datafield tag="740" ind1="0" ind2=" "><marc:subfield code="a">Tractatus notabilis exco[mmun]icationibus suspe[n]sionibus interdictis irregularitatib[us] [et] penis.</marc:subfield></marc:datafield><marc:datafield tag="740" ind1="0" ind2=" "><marc:subfield code="a">Tractatus notabilis excõicationibus suspẽsionibus interdictis irregularitatib[us] [et] penis.</marc:subfield></marc:datafield><marc:datafield tag="740" ind1="0" ind2=" "><marc:subfield code="a">Titulus de spo[n]salib[us] et matrimonio.</marc:subfield></marc:datafield><marc:datafield tag="740" ind1="0" ind2=" "><marc:subfield code="a">Titulus de spõsalib[us] et matrimonio.</marc:subfield></marc:datafield><marc:datafield tag="700" ind1="1" ind2=" "><marc:subfield code="a">Payne, Roger, 1739-1797, binder.</marc:subfield></marc:datafield><marc:datafield tag="700" ind1="1" ind2=" "><marc:subfield code="a">Giovanni Agostino,</marc:subfield><marc:subfield code="c">da Calvatone,</marc:subfield><marc:subfield code="d">fl. 1616,</marc:subfield><marc:subfield code="e">former owner.</marc:subfield></marc:datafield><marc:datafield tag="700" ind1="1" ind2=" "><marc:subfield code="a">Giovanni Battista,</marc:subfield><marc:subfield code="c">da Pavia,</marc:subfield><marc:subfield code="e">former owner.</marc:subfield></marc:datafield><marc:datafield tag="700" ind1="1" ind2=" "><marc:subfield code="a">Crevenna, Pietro Antonio Bolongaro,</marc:subfield><marc:subfield code="d">d. 1792,</marc:subfield><marc:subfield code="e">former owner.</marc:subfield></marc:datafield><marc:datafield tag="700" ind1="1" ind2=" "><marc:subfield code="a">Wodhull, Michael,</marc:subfield><marc:subfield code="d">1740-1816,</marc:subfield><marc:subfield code="e">former owner.</marc:subfield></marc:datafield><marc:datafield tag="700" ind1="1" ind2=" "><marc:subfield code="a">Smedley, William T.</marc:subfield><marc:subfield code="q">(William Thomas),</marc:subfield><marc:subfield code="d">b. 1851,</marc:subfield><marc:subfield code="e">former owner.</marc:subfield></marc:datafield><marc:datafield tag="700" ind1="1" ind2=" "><marc:subfield code="a">Payne, Roger,</marc:subfield><marc:subfield code="d">1739-1797,</marc:subfield><marc:subfield code="e">binder.</marc:subfield></marc:datafield><marc:datafield tag="700" ind1="1" ind2=" "><marc:subfield code="a">Manthen, Johann,</marc:subfield><marc:subfield code="d">fl. 1471-1481,</marc:subfield><marc:subfield code="e">printer.</marc:subfield></marc:datafield><marc:datafield tag="752" ind1="1" ind2="0"><marc:subfield code="a">Italy</marc:subfield><marc:subfield code="d">Venice.</marc:subfield></marc:datafield><marc:datafield tag="100" ind1="0" ind2=" "><marc:subfield code="a">Antoninus,</marc:subfield><marc:subfield code="c">Saint, Archbishop of Florence,</marc:subfield><marc:subfield code="d">1389-1459.</marc:subfield></marc:datafield><marc:datafield tag="700" ind1="0" ind2="2"><marc:subfield code="a">Antoninus,</marc:subfield><marc:subfield code="c">Saint, Archbishop of Florence,</marc:subfield><marc:subfield code="d">1389-1459.</marc:subfield><marc:subfield code="t">Titulus de sponsalibus et matrimonio.</marc:subfield><marc:subfield code="f">1474.</marc:subfield></marc:datafield><marc:datafield tag="700" ind1="0" ind2=" "><marc:subfield code="a">Johann,</marc:subfield><marc:subfield code="c">von Köln,</marc:subfield><marc:subfield code="d">fl. 1471-1491,</marc:subfield><marc:subfield code="e">printer.</marc:subfield></marc:datafield><marc:datafield tag="856" ind1="4" ind2="1"><marc:subfield code="u">http://luna.folger.edu/luna/servlet/s/0owdd6</marc:subfield><marc:subfield code="z">Binding images and description for Folger Shakespeare Library INC A684</marc:subfield></marc:datafield><marc:datafield tag="950" ind1=" " ind2=" "><marc:subfield code="l">RARE</marc:subfield><marc:subfield code="h">12/07/93 C</marc:subfield></marc:datafield><marc:datafield tag="998" ind1=" " ind2=" "><marc:subfield code="a">03/06/95</marc:subfield><marc:subfield code="t">c</marc:subfield><marc:subfield code="s">9114</marc:subfield><marc:subfield code="n">DFo</marc:subfield><marc:subfield code="w">DCFG93B15301</marc:subfield><marc:subfield code="d">11/23/93</marc:subfield><marc:subfield code="c">ML</marc:subfield><marc:subfield code="b">ML</marc:subfield><marc:subfield code="l">DCFG</marc:subfield></marc:datafield></marc:record>