
<marc:record><marc:leader>04109cam a2200625   4500</marc:leader>
<marc:controlfield tag="001">161517</marc:controlfield>
<marc:controlfield tag="005">20110119173242.0</marc:controlfield><marc:controlfield tag="008">910502s1483    enk||||       00| ||eng d</marc:controlfield><marc:datafield tag="035" ind1=" " ind2=" "><marc:subfield code="9">ESTCS106556</marc:subfield></marc:datafield><marc:datafield tag="035" ind1=" " ind2=" "><marc:subfield code="a">161517</marc:subfield></marc:datafield><marc:datafield tag="040" ind1=" " ind2=" "><marc:subfield code="a">Cu-RivES</marc:subfield><marc:subfield code="c">Cu-RivES</marc:subfield><marc:subfield code="d">CStRLIN</marc:subfield><marc:subfield code="d">Cu-RivES</marc:subfield><marc:subfield code="e">dcrb</marc:subfield><marc:subfield code="d">DFo</marc:subfield><marc:subfield code="d">UtOrBLW</marc:subfield></marc:datafield><marc:datafield tag="090" ind1=" " ind2=" "><marc:subfield code="h">10/16/96 T</marc:subfield></marc:datafield><marc:datafield tag="100" ind1="1" ind2=" "><marc:subfield code="a">Gower, John,</marc:subfield><marc:subfield code="d">1325?-1408.</marc:subfield></marc:datafield><marc:datafield tag="240" ind1="1" ind2="0"><marc:subfield code="a">Confessio amantis</marc:subfield></marc:datafield><marc:datafield tag="245" ind1="1" ind2="0"><marc:subfield code="a">This book is intituled Confessio amantis, that is to saye in Englysshe, The confessyon of the louer /</marc:subfield><marc:subfield code="c">maad and compyled by Iohan Gower squyer ...</marc:subfield></marc:datafield><marc:datafield tag="246" ind1="3" ind2=" "><marc:subfield code="a">Confessio amantis</marc:subfield></marc:datafield><marc:datafield tag="246" ind1="3" ind2=" "><marc:subfield code="a">Confessyon of the louer</marc:subfield></marc:datafield><marc:datafield tag="246" ind1="3" ind2=" "><marc:subfield code="a">Shryfte of the louer</marc:subfield></marc:datafield><marc:datafield tag="260" ind1=" " ind2=" "><marc:subfield code="a">Enprynted at Westmestre :</marc:subfield><marc:subfield code="b">By me Willyam Caxton,</marc:subfield><marc:subfield code="c">and fynysshed the ij day of Septembre the fyrst yere of the regne of Kyng Richard the Thyrd, the yere of our lord a thousand, CCCC, lxxxxiij, [1493, i.e. 1483]</marc:subfield></marc:datafield><marc:datafield tag="300" ind1=" " ind2=" "><marc:subfield code="a">[444] p. ;</marc:subfield><marc:subfield code="c">31 cm. (fol.)</marc:subfield></marc:datafield><marc:datafield tag="500" ind1=" " ind2=" "><marc:subfield code="a">In English verse.</marc:subfield></marc:datafield><marc:datafield tag="500" ind1=" " ind2=" "><marc:subfield code="a">Title from opening words of text, pi2r.</marc:subfield></marc:datafield><marc:datafield tag="500" ind1=" " ind2=" "><marc:subfield code="a">&quot;And fyrst the auctor nameth thys book Confessio amantis, that is to say The shryfte of the louer&quot;--p. [3].</marc:subfield></marc:datafield><marc:datafield tag="500" ind1=" " ind2=" "><marc:subfield code="a">Imprint from colophon. &quot;The dates in the colophon are contradictory; the regnal year there given is presumed to be the correct one, i.e. 1483&quot;--Pforzheimer catalogue.</marc:subfield></marc:datafield><marc:datafield tag="500" ind1=" " ind2=" "><marc:subfield code="a">Leaves pi, pi8, a1 and C6 are blank.</marc:subfield></marc:datafield><marc:datafield tag="500" ind1=" " ind2=" "><marc:subfield code="a">Signatures: pi⁸ [a]⁸ b-z⁸ [et]⁸ A-B⁸ C⁶; pi2-4 signed ij, iij and iiij respectively.</marc:subfield></marc:datafield><marc:datafield tag="500" ind1=" " ind2=" "><marc:subfield code="a">Capital spaces with guide letters.</marc:subfield></marc:datafield><marc:datafield tag="509" ind1=" " ind2=" "><marc:subfield code="a">RPM 10/16/96</marc:subfield></marc:datafield><marc:datafield tag="510" ind1="4" ind2=" "><marc:subfield code="a">STC (2nd ed.),</marc:subfield><marc:subfield code="c">12142</marc:subfield></marc:datafield><marc:datafield tag="510" ind1="4" ind2=" "><marc:subfield code="a">Duff,</marc:subfield><marc:subfield code="c">166</marc:subfield></marc:datafield><marc:datafield tag="510" ind1="4" ind2=" "><marc:subfield code="a">Hain-Copinger,</marc:subfield><marc:subfield code="c">7835</marc:subfield></marc:datafield><marc:datafield tag="510" ind1="4" ind2=" "><marc:subfield code="a">Needham, P.  Printer &amp; the pardoner,</marc:subfield><marc:subfield code="c">Cx 66</marc:subfield></marc:datafield><marc:datafield tag="510" ind1="4" ind2=" "><marc:subfield code="a">Pforzheimer,</marc:subfield><marc:subfield code="c">420</marc:subfield></marc:datafield><marc:datafield tag="510" ind1="4" ind2=" "><marc:subfield code="a">ESTC (RLIN)</marc:subfield><marc:subfield code="c">S106556</marc:subfield></marc:datafield><marc:datafield tag="510" ind1="4" ind2=" "><marc:subfield code="a">Ricci, S. de.  Census of Caxtons,</marc:subfield><marc:subfield code="c">48.30</marc:subfield></marc:datafield><marc:datafield tag="539" ind1=" " ind2=" "><marc:subfield code="a">L.</marc:subfield></marc:datafield><marc:datafield tag="650" ind1=" " ind2="0"><marc:subfield code="a">Christian poetry, English (Middle)</marc:subfield></marc:datafield><marc:datafield tag="650" ind1=" " ind2="0"><marc:subfield code="a">Love poetry, English (Middle)</marc:subfield></marc:datafield><marc:datafield tag="650" ind1=" " ind2="0"><marc:subfield code="a">Christian ethics</marc:subfield><marc:subfield code="v">Poetry.</marc:subfield></marc:datafield><marc:datafield tag="650" ind1=" " ind2="0"><marc:subfield code="a">Courtly love</marc:subfield><marc:subfield code="v">Poetry.</marc:subfield></marc:datafield><marc:datafield tag="655" ind1=" " ind2="7"><marc:subfield code="a">Annotations (Provenance)</marc:subfield><marc:subfield code="2">rbprov</marc:subfield></marc:datafield><marc:datafield tag="655" ind1=" " ind2="7"><marc:subfield code="a">Made-up copies (Publishing)</marc:subfield><marc:subfield code="2">rbpub</marc:subfield></marc:datafield><marc:datafield tag="700" ind1="1" ind2=" "><marc:subfield code="a">ffawkes, Richard,</marc:subfield><marc:subfield code="e">former owner.</marc:subfield><marc:subfield code="5">DFo</marc:subfield></marc:datafield><marc:datafield tag="700" ind1="1" ind2=" "><marc:subfield code="a">Swallowe, Christopher,</marc:subfield><marc:subfield code="d">fl. 1553,</marc:subfield><marc:subfield code="e">former owner.</marc:subfield><marc:subfield code="5">DFo</marc:subfield></marc:datafield><marc:datafield tag="700" ind1="1" ind2=" "><marc:subfield code="a">Lumley-Savile family,</marc:subfield><marc:subfield code="e">former owner.</marc:subfield><marc:subfield code="5">DFo</marc:subfield></marc:datafield><marc:datafield tag="700" ind1="1" ind2=" "><marc:subfield code="a">Ashburnham family library,</marc:subfield><marc:subfield code="e">former owner.</marc:subfield><marc:subfield code="5">DFo</marc:subfield></marc:datafield><marc:datafield tag="700" ind1="1" ind2=" "><marc:subfield code="a">Tomkinson, Michael,</marc:subfield><marc:subfield code="d">1841-1921,</marc:subfield><marc:subfield code="e">former owner.</marc:subfield><marc:subfield code="5">DFo</marc:subfield></marc:datafield><marc:datafield tag="700" ind1="1" ind2=" "><marc:subfield code="a">Harmsworth, R. Leicester</marc:subfield><marc:subfield code="q">(Robert Leicester),</marc:subfield><marc:subfield code="c">Sir,</marc:subfield><marc:subfield code="d">1870-1937,</marc:subfield><marc:subfield code="e">former owner.</marc:subfield><marc:subfield code="5">DFo</marc:subfield></marc:datafield><marc:datafield tag="700" ind1="1" ind2=" "><marc:subfield code="a">Caxton, William,</marc:subfield><marc:subfield code="d">ca. 1422-1491 or 2,</marc:subfield><marc:subfield code="e">printer.</marc:subfield></marc:datafield><marc:datafield tag="752" ind1=" " ind2=" "><marc:subfield code="a">England</marc:subfield><marc:subfield code="d">Westminster.</marc:subfield></marc:datafield><marc:datafield tag="852" ind1=" " ind2=" "><marc:subfield code="a">DFo</marc:subfield><marc:subfield code="b">DeckB-STC</marc:subfield><marc:subfield code="h">STC 12142</marc:subfield><marc:subfield code="j">HH98/27</marc:subfield><marc:subfield code="x">rev. DJL 20050810</marc:subfield></marc:datafield><marc:datafield tag="859" ind1=" " ind2=" "><marc:subfield code="p">N</marc:subfield><marc:subfield code="r">N</marc:subfield><marc:subfield code="l">DFo</marc:subfield><marc:subfield code="v">Y</marc:subfield><marc:subfield code="d">12-06-02</marc:subfield><marc:subfield code="c">KKT</marc:subfield><marc:subfield code="b">ST</marc:subfield></marc:datafield><marc:datafield tag="876" ind1=" " ind2=" "><marc:subfield code="z">HH98/27. Imp: lacking t.p. (supplied by facs.) and pi1(blank), pi4-5, pi8(blank), a1(blank), a2, a8, r7, [et]8 and gatherings A-C(last leaf blank). Made-up copy?: cf. leaves h8, o1, r8, s8 and quires z and et. Initials rubricated. Early manuscript notes in several hands, including a deed and verses; some corrections in text and crossing out of each occurence of the word &quot;pope&quot;; a few initials pencilled in red in prologue. Cropt, affecting early autographs and MS. notes. Wormed, aff. txt. Hole in pi6r mended, aff. txt. Leaves l3v and l4r stained, aff. txt. Provenance: early autographs reading: &quot;Richarde ffawkes&quot; (on leaves k5v and r6v) with other names; deed envolving &quot;Christofer Swallowe and Dorithe his wife&quot;, with short chronicle of years 1553-1560 in several hands on leaves i3v-i4r, s3v-s4r, and uiv ; Lumley-Savile family library copy (no. 476 in Sotheby sale catalog of Sir Henry and John Savile's library, Dec. 1860); Ashburnham family library copy (no. 1777 in Sotheby sale catalog, Dec. 1897); bookplate of Michael Tomkinson (no. 437 in the Sotheby sale catalog of his library, April 1922); Sir R. Leicester Harmsworth copy; shelfmark &quot;29. D.&quot; handwritten in red ink on front pastedown; purchased in 1938.</marc:subfield></marc:datafield><marc:datafield tag="967" ind1=" " ind2=" "><marc:subfield code="a">z</marc:subfield><marc:subfield code="c">n</marc:subfield></marc:datafield><marc:datafield tag="998" ind1=" " ind2=" "><marc:subfield code="a">10/16/03</marc:subfield><marc:subfield code="t">c</marc:subfield><marc:subfield code="s">9125</marc:subfield><marc:subfield code="n">CU-RivES</marc:subfield><marc:subfield code="w">ESTCS106556</marc:subfield><marc:subfield code="d">08/18/02</marc:subfield><marc:subfield code="i">031016</marc:subfield><marc:subfield code="h">030819</marc:subfield><marc:subfield code="l">ESTC</marc:subfield></marc:datafield></marc:record>