
<marc:record><marc:leader>02874cam a2200445 a 4500</marc:leader>
<marc:controlfield tag="001">90759</marc:controlfield>
<marc:controlfield tag="005">20110119170053.0</marc:controlfield><marc:controlfield tag="008">960424s1500    enka          000 0 eng d</marc:controlfield><marc:datafield tag="035" ind1=" " ind2=" "><marc:subfield code="9">DCFG96-B746</marc:subfield></marc:datafield><marc:datafield tag="035" ind1=" " ind2=" "><marc:subfield code="a">90759</marc:subfield></marc:datafield><marc:datafield tag="090" ind1=" " ind2=" "><marc:subfield code="b">STC 13610</marc:subfield><marc:subfield code="f">5/27</marc:subfield><marc:subfield code="i">05/02/96 C</marc:subfield></marc:datafield><marc:datafield tag="130" ind1="0" ind2=" "><marc:subfield code="a">Abbey of the Holy Ghost.</marc:subfield></marc:datafield><marc:datafield tag="245" ind1="1" ind2="4"><marc:subfield code="a">The abbaye of the Holy Ghoost.</marc:subfield></marc:datafield><marc:datafield tag="246" ind1="3" ind2=" "><marc:subfield code="a">Abbaye of the Holy Ghost</marc:subfield></marc:datafield><marc:datafield tag="246" ind1="1" ind2=" "><marc:subfield code="i">Incipit (leaf a2r) reads:</marc:subfield><marc:subfield code="a">Here begynneth a matere spekynge of a place that is named the Abbay of the Holy Ghost ...</marc:subfield></marc:datafield><marc:datafield tag="260" ind1=" " ind2=" "><marc:subfield code="a">Enprynted at Westmynster :</marc:subfield><marc:subfield code="b">By Wynken de Worde,</marc:subfield><marc:subfield code="c">[1500?]</marc:subfield></marc:datafield><marc:datafield tag="300" ind1=" " ind2=" "><marc:subfield code="a">[40] p. :</marc:subfield><marc:subfield code="b">ill. (woodcuts) ;</marc:subfield><marc:subfield code="c">19 cm. (4to)</marc:subfield></marc:datafield><marc:datafield tag="500" ind1=" " ind2=" "><marc:subfield code="a">Sometimes erroneously attributed to John Alcock. Cf. STC; for various suggestions as to authorship, all rejected, see Halkett and Laing, 3rd ed., A3.</marc:subfield></marc:datafield><marc:datafield tag="500" ind1=" " ind2=" "><marc:subfield code="a">French original not traced. For further details see Studies in Bibliography, VI (1954), pp. 101-6.</marc:subfield></marc:datafield><marc:datafield tag="500" ind1=" " ind2=" "><marc:subfield code="a">Place of publication and publisher statement from colophon (leaf d4r); date of publication from STC (2nd ed.).</marc:subfield></marc:datafield><marc:datafield tag="500" ind1=" " ind2=" "><marc:subfield code="a">Signatures: a-b⁶ c-d⁴.</marc:subfield></marc:datafield><marc:datafield tag="500" ind1=" " ind2=" "><marc:subfield code="a">Woodcuts on recto and verso of t.p.; woodcut initials.</marc:subfield></marc:datafield><marc:datafield tag="510" ind1="4" ind2=" "><marc:subfield code="a">ESTC (RLIN)</marc:subfield><marc:subfield code="c">S93021</marc:subfield></marc:datafield><marc:datafield tag="510" ind1="4" ind2=" "><marc:subfield code="a">Goff</marc:subfield><marc:subfield code="c">A-2</marc:subfield></marc:datafield><marc:datafield tag="510" ind1="4" ind2=" "><marc:subfield code="a">Duff</marc:subfield><marc:subfield code="c">2</marc:subfield></marc:datafield><marc:datafield tag="510" ind1="4" ind2=" "><marc:subfield code="a">STC (2nd ed.)</marc:subfield><marc:subfield code="c">13610</marc:subfield></marc:datafield><marc:datafield tag="510" ind1="4" ind2=" "><marc:subfield code="a">GW</marc:subfield><marc:subfield code="c">2</marc:subfield></marc:datafield><marc:datafield tag="650" ind1=" " ind2="0"><marc:subfield code="a">Monastic and religious life of women</marc:subfield><marc:subfield code="v">Early works to 1800.</marc:subfield></marc:datafield><marc:datafield tag="700" ind1="1" ind2=" "><marc:subfield code="a">Alcock, John,</marc:subfield><marc:subfield code="d">1430-1500,</marc:subfield><marc:subfield code="e">attributed name.</marc:subfield></marc:datafield><marc:datafield tag="700" ind1="1" ind2=" "><marc:subfield code="a">Worde, Wynkyn de,</marc:subfield><marc:subfield code="d">d. 1534?,</marc:subfield><marc:subfield code="e">printer.</marc:subfield></marc:datafield><marc:datafield tag="700" ind1="1" ind2=" "><marc:subfield code="a">Pratt, W.,</marc:subfield><marc:subfield code="e">binder.</marc:subfield><marc:subfield code="5">DFo</marc:subfield></marc:datafield><marc:datafield tag="700" ind1="1" ind2=" "><marc:subfield code="a">Harmsworth, R. Leicester</marc:subfield><marc:subfield code="q">(Robert Leicester),</marc:subfield><marc:subfield code="c">Sir,</marc:subfield><marc:subfield code="d">1870-1937,</marc:subfield><marc:subfield code="e">former owner.</marc:subfield><marc:subfield code="5">DFo</marc:subfield></marc:datafield><marc:datafield tag="710" ind1="2" ind2=" "><marc:subfield code="a">Britwell Court Library,</marc:subfield><marc:subfield code="e">former owner.</marc:subfield><marc:subfield code="5">DFo</marc:subfield></marc:datafield><marc:datafield tag="752" ind1=" " ind2=" "><marc:subfield code="a">England</marc:subfield><marc:subfield code="d">Westminster.</marc:subfield></marc:datafield><marc:datafield tag="876" ind1=" " ind2=" "><marc:subfield code="z">HH5/27.Edges cropped affecting manuscript markings; &quot;Nota&quot; markings on leaves b2v and c1r; leaves 2-20 numbered by hand &quot;1-19&quot;. Burgundy goatskin binding, with monogram of Wakefield Christie Miller gold tooled on covers, signed by W. Pratt (no. 3 in the Sotheby sale catalog of the Britwell library, May 5-7, 1920). Provenance: Britwell Court shelfmark, '9.G.2.'; Britwell sale, May 1920:3; collated by Max Privett at Quaritch, 11/5/20; Harmsworth copy; purchased in 1938.</marc:subfield></marc:datafield><marc:datafield tag="876" ind1=" " ind2=" "><marc:subfield code="z">HH5/27. Edges cropped affecting manuscript markings. Burgundy goatskin binding, with monogram of Wakefield Christie Miller gold tooled on covers, signed by W. Pratt (no. 3 in the Sotheby sale catalog of the Britwell library, May 5-7, 1920). Provenance: Britwell Court shelfmark, '9.G.2.'; Britwell sale, May 1920:3; collated by Max Privett at Quaritch, 11/5/20; Harmsworth copy, purchased in 1938</marc:subfield></marc:datafield><marc:datafield tag="859" ind1=" " ind2=" "><marc:subfield code="p">Y</marc:subfield><marc:subfield code="r">N</marc:subfield><marc:subfield code="l">DFo</marc:subfield><marc:subfield code="v">Y</marc:subfield><marc:subfield code="d">07-26-01</marc:subfield><marc:subfield code="c">smt</marc:subfield><marc:subfield code="b">aec</marc:subfield><marc:subfield code="d">02-20-2004</marc:subfield><marc:subfield code="c">DJL</marc:subfield></marc:datafield><marc:datafield tag="950" ind1=" " ind2=" "><marc:subfield code="l">RARE</marc:subfield><marc:subfield code="i">05/02/96 C</marc:subfield></marc:datafield><marc:datafield tag="998" ind1=" " ind2=" "><marc:subfield code="a">05/02/96</marc:subfield><marc:subfield code="t">c</marc:subfield><marc:subfield code="s">9114</marc:subfield><marc:subfield code="n">DFo</marc:subfield><marc:subfield code="w">DCFG96B746</marc:subfield><marc:subfield code="d">04/24/96</marc:subfield><marc:subfield code="c">ML</marc:subfield><marc:subfield code="b">ML</marc:subfield><marc:subfield code="l">DCFG</marc:subfield></marc:datafield><marc:datafield tag="998" ind1=" " ind2=" "><marc:subfield code="a">03/27/02</marc:subfield><marc:subfield code="t">c</marc:subfield><marc:subfield code="s">9995</marc:subfield><marc:subfield code="n">CU-RivES</marc:subfield><marc:subfield code="w">ESTCS93021</marc:subfield><marc:subfield code="d">12/14/00</marc:subfield><marc:subfield code="i">020327</marc:subfield><marc:subfield code="h">020222</marc:subfield><marc:subfield code="l">ESTC</marc:subfield></marc:datafield></marc:record>