
<marc:record><marc:leader>02704cam a2200409 a 4500</marc:leader>
<marc:controlfield tag="001">90703</marc:controlfield>
<marc:controlfield tag="005">20110119170042.0</marc:controlfield><marc:controlfield tag="008">960315s1490    it            000 0 lat d</marc:controlfield><marc:datafield tag="035" ind1=" " ind2=" "><marc:subfield code="9">DCFG96-B353</marc:subfield></marc:datafield><marc:datafield tag="040" ind1=" " ind2=" "><marc:subfield code="a">DFo</marc:subfield><marc:subfield code="c">DFo</marc:subfield><marc:subfield code="e">dcrb</marc:subfield><marc:subfield code="d">UtOrBLW</marc:subfield></marc:datafield><marc:datafield tag="090" ind1=" " ind2=" "><marc:subfield code="b">INC T233</marc:subfield><marc:subfield code="i">04/23/96 C</marc:subfield></marc:datafield><marc:datafield tag="240" ind1="1" ind2="0"><marc:subfield code="a">Opuscula</marc:subfield></marc:datafield><marc:datafield tag="245" ind1="1" ind2="0"><marc:subfield code="a">Incipiu[n]t Preclarissima opuscula Diui Thome Aquinatis sacri ordinis P[rae]dicato[rum] in quibus o[mn]is ph[ilosophi]e [et] Diuina[rum] Scriptura[rum] theoremata est co[m]plexus.</marc:subfield></marc:datafield><marc:datafield tag="260" ind1=" " ind2=" "><marc:subfield code="a">Et impressa Venetijs :</marc:subfield><marc:subfield code="b">Ingenio ac impe[n]sa Hermanni Lichtenstein Coloniensis,</marc:subfield><marc:subfield code="c">anno Salut[is] 1490 vij. Idus Septembris [7 Sept.] ...</marc:subfield></marc:datafield><marc:datafield tag="300" ind1=" " ind2=" "><marc:subfield code="a">[872] p. ;</marc:subfield><marc:subfield code="c">25 cm. (4to)</marc:subfield></marc:datafield><marc:datafield tag="500" ind1=" " ind2=" "><marc:subfield code="a">Title from incipit (leaf a1r).</marc:subfield></marc:datafield><marc:datafield tag="500" ind1=" " ind2=" "><marc:subfield code="a">Edited by Antonio Pizzamano; with a life of St. Thomas.</marc:subfield></marc:datafield><marc:datafield tag="500" ind1=" " ind2=" "><marc:subfield code="a">Imprint from colophon (leaf 2G7r).</marc:subfield></marc:datafield><marc:datafield tag="500" ind1=" " ind2=" "><marc:subfield code="a">Signatures: 2a¹², a-v⁸, x¹², A-2G⁸, 2H¹² (2G2 unsigned).</marc:subfield></marc:datafield><marc:datafield tag="500" ind1=" " ind2=" "><marc:subfield code="a">Printed in 2 columns.</marc:subfield></marc:datafield><marc:datafield tag="500" ind1=" " ind2=" "><marc:subfield code="a">Capital spaces with guide letters.</marc:subfield></marc:datafield><marc:datafield tag="500" ind1=" " ind2=" "><marc:subfield code="a">Includes register.</marc:subfield></marc:datafield><marc:datafield tag="510" ind1="4" ind2=" "><marc:subfield code="a">Goff</marc:subfield><marc:subfield code="c">T-258.</marc:subfield></marc:datafield><marc:datafield tag="510" ind1="4" ind2=" "><marc:subfield code="a">BM 15th cent.,</marc:subfield><marc:subfield code="c">V, p. 358 (IB.22002).</marc:subfield></marc:datafield><marc:datafield tag="510" ind1="4" ind2=" "><marc:subfield code="a">Hain-Copinger</marc:subfield><marc:subfield code="c">1541*.</marc:subfield></marc:datafield><marc:datafield tag="590" ind1=" " ind2=" "><marc:subfield code="a">Folger copy: early manuscript notes in margins in brown ink in one hand throughtout, with corrections in text (a few words of text defaced and corrected), several kinds of &quot;Nota&quot; markings, brackets, underlining and fists; a few words lacking in text added by hand on leaf E8v in a different hand.</marc:subfield></marc:datafield><marc:datafield tag="590" ind1=" " ind2=" "><marc:subfield code="a">Letter &quot;R&quot; or [Rum] handwritten in upper right corner of leaf 2a2r; ownership inscription, defaced, illegible in parts (with another inscription in another ink, undeciphered) on leaf 2a1v &quot;Iste liber ad usu[m] F[rat]ris archangeli d[e] P[?]mo et p[er]tinet loco Aljani[?] [?] poste. p[er] R[euerendu]m Ministru[m] g[e]n[er]ale[m] p: F. Cleme[n]te[m] monetianu[m] [con]cessu[s] ad usu[m] F. Io. Bapt. Masnad[?]&quot;; another similar inscription on leaf 2H11v; booklabel of conte Paolo Vimercati-Sozzi; pencilled note on front flyleaf referring to Sotheby sale on 26 Oct. 1911 (no. 1144); bookplate of W.T. Smedley; purchased in 1924.</marc:subfield></marc:datafield><marc:datafield tag="590" ind1=" " ind2=" "><marc:subfield code="a">In a later quarter leather binding with brown paper sides; edges sprinkled with blue ink.</marc:subfield></marc:datafield><marc:datafield tag="655" ind1=" " ind2="7"><marc:subfield code="a">Annotations (Provenance)</marc:subfield><marc:subfield code="2">rbprov</marc:subfield></marc:datafield><marc:datafield tag="700" ind1="1" ind2=" "><marc:subfield code="a">Pizzamano, Antonio,</marc:subfield><marc:subfield code="d">1462-1512.</marc:subfield></marc:datafield><marc:datafield tag="700" ind1="1" ind2=" "><marc:subfield code="a">Vimercati-Sozzi, Paolo,</marc:subfield><marc:subfield code="c">conte,</marc:subfield><marc:subfield code="d">1801-1883,</marc:subfield><marc:subfield code="e">former owner.</marc:subfield></marc:datafield><marc:datafield tag="700" ind1="1" ind2=" "><marc:subfield code="a">Smedley, William T.</marc:subfield><marc:subfield code="q">(William Thomas),</marc:subfield><marc:subfield code="d">b. 1851,</marc:subfield><marc:subfield code="e">former owner.</marc:subfield></marc:datafield><marc:datafield tag="700" ind1="1" ind2=" "><marc:subfield code="a">Lichtenstein, Hermann,</marc:subfield><marc:subfield code="d">d. 1494,</marc:subfield><marc:subfield code="e">printer.</marc:subfield></marc:datafield><marc:datafield tag="752" ind1="1" ind2="0"><marc:subfield code="d">Venice.</marc:subfield></marc:datafield><marc:datafield tag="100" ind1="0" ind2=" "><marc:subfield code="a">Thomas,</marc:subfield><marc:subfield code="c">Aquinas, Saint,</marc:subfield><marc:subfield code="d">1225?-1274.</marc:subfield></marc:datafield><marc:datafield tag="950" ind1=" " ind2=" "><marc:subfield code="l">RARE</marc:subfield><marc:subfield code="i">04/23/96 C</marc:subfield></marc:datafield><marc:datafield tag="998" ind1=" " ind2=" "><marc:subfield code="a">04/23/96</marc:subfield><marc:subfield code="t">c</marc:subfield><marc:subfield code="s">9114</marc:subfield><marc:subfield code="n">DFo</marc:subfield><marc:subfield code="w">DCFG96B353</marc:subfield><marc:subfield code="d">03/15/96</marc:subfield><marc:subfield code="c">ML</marc:subfield><marc:subfield code="b">ML</marc:subfield><marc:subfield code="l">DCFG</marc:subfield></marc:datafield></marc:record>