
<marc:record><marc:leader>02215cam a2200361 a 4500</marc:leader>
<marc:controlfield tag="001">92651</marc:controlfield>
<marc:controlfield tag="005">20120822112155.0</marc:controlfield><marc:controlfield tag="008">941206s1489    fr            000 0 lat d</marc:controlfield><marc:datafield tag="035" ind1=" " ind2=" "><marc:subfield code="a">(CStRLIN)DCFG94-B3685</marc:subfield></marc:datafield><marc:datafield tag="040" ind1=" " ind2=" "><marc:subfield code="a">DFo</marc:subfield><marc:subfield code="c">DFo</marc:subfield><marc:subfield code="e">dcrb</marc:subfield><marc:subfield code="d">UtOrBLW</marc:subfield></marc:datafield><marc:datafield tag="090" ind1=" " ind2=" "><marc:subfield code="b">\INC\G545</marc:subfield><marc:subfield code="f">cs1966</marc:subfield><marc:subfield code="t">~650</marc:subfield><marc:subfield code="t">~755</marc:subfield><marc:subfield code="i">09/04/96 N</marc:subfield><marc:subfield code="h">12/19/94 C</marc:subfield></marc:datafield><marc:datafield tag="245" ind1="1" ind2="0"><marc:subfield code="a">Manipulus curatoru[m] officia sacerdotu[m] s[e]c[un]d[u]m ordine[m] septe[m] sacrame[n]toru[m] perbreuiter co[m]plectens.</marc:subfield></marc:datafield><marc:datafield tag="260" ind1=" " ind2=" "><marc:subfield code="a">Hec insup[er] exarata sunt in famosa ciuitate Argentine[n]siu[m] :</marc:subfield><marc:subfield code="b">P[er] Martinu[m] Flach,</marc:subfield><marc:subfield code="c">anno D[omi]ni 1489 die ix. mensis Februarij.</marc:subfield></marc:datafield><marc:datafield tag="300" ind1=" " ind2=" "><marc:subfield code="a">[224] p. (the last [2] p. blank) ;</marc:subfield><marc:subfield code="c">23 cm. (4to)</marc:subfield></marc:datafield><marc:datafield tag="500" ind1=" " ind2=" "><marc:subfield code="a">Imprint from colophon (leaf p5r).</marc:subfield></marc:datafield><marc:datafield tag="500" ind1=" " ind2=" "><marc:subfield code="a">Signatures: a-c⁸, d⁶, e⁸, f-g⁶, h-o⁸, p⁶.</marc:subfield></marc:datafield><marc:datafield tag="500" ind1=" " ind2=" "><marc:subfield code="a">Capital spaces with guide letters.</marc:subfield></marc:datafield><marc:datafield tag="510" ind1="4" ind2=" "><marc:subfield code="a">Goff</marc:subfield><marc:subfield code="c">G-595.</marc:subfield></marc:datafield><marc:datafield tag="510" ind1="4" ind2=" "><marc:subfield code="a">BM 15th cent.,</marc:subfield><marc:subfield code="c">I, p. 149 (IA.2128).</marc:subfield></marc:datafield><marc:datafield tag="510" ind1="4" ind2=" "><marc:subfield code="a">GW</marc:subfield><marc:subfield code="c">11816.</marc:subfield></marc:datafield><marc:datafield tag="590" ind1=" " ind2=" "><marc:subfield code="a">Folger copy: a few manuscript notes and brackets, and some underlining.</marc:subfield></marc:datafield><marc:datafield tag="590" ind1=" " ind2=" "><marc:subfield code="a">Handwritten shelfmarks on t.p.: &quot;B XXIII&quot; in black ink and another pencilled one, partially erased &quot;IIII [?]. 65&quot;; another early shelfmark on spine, on paper label, partially illegible; bookplate of Robert Proctor with inscription &quot;[Theta].o.12.&quot; in red ink; purchased in 1915.</marc:subfield></marc:datafield><marc:datafield tag="590" ind1=" " ind2=" "><marc:subfield code="a">Contemporary quarter pigskin binding, blind tooled with rosette stamps; inscription and label on spine, partially illegible; remains of a clasp on fore-edge; manuscript fragments used as guards; some wormholes in a few gatherings, mostly at the end of the book, slightly affecting text; repaired; in a tailored box.</marc:subfield></marc:datafield><marc:datafield tag="650" ind1=" " ind2="0"><marc:subfield code="a">Sacraments.</marc:subfield></marc:datafield><marc:datafield tag="655" ind1=" " ind2="7"><marc:subfield code="a">Pigskin bindings (Binding)</marc:subfield><marc:subfield code="z">15th century.</marc:subfield><marc:subfield code="2">rbbin</marc:subfield></marc:datafield><marc:datafield tag="655" ind1=" " ind2="7"><marc:subfield code="a">Manuscript waste (Binding)</marc:subfield><marc:subfield code="2">rbbin</marc:subfield></marc:datafield><marc:datafield tag="700" ind1="1" ind2=" "><marc:subfield code="a">Proctor, Robert,</marc:subfield><marc:subfield code="d">b. 1868,</marc:subfield><marc:subfield code="e">former owner.</marc:subfield><marc:subfield code="5">DFo</marc:subfield></marc:datafield><marc:datafield tag="700" ind1="1" ind2=" "><marc:subfield code="a">Flach, Martin,</marc:subfield><marc:subfield code="d">d. 1500,</marc:subfield><marc:subfield code="e">printer.</marc:subfield></marc:datafield><marc:datafield tag="752" ind1="1" ind2=" "><marc:subfield code="a">France</marc:subfield><marc:subfield code="d">Strasbourg.</marc:subfield></marc:datafield><marc:datafield tag="100" ind1="0" ind2=" "><marc:subfield code="a">Guido,</marc:subfield><marc:subfield code="c">de Monte Rocherii,</marc:subfield><marc:subfield code="d">14th cent.</marc:subfield></marc:datafield><marc:datafield tag="856" ind1="4" ind2="1"><marc:subfield code="u">http://luna.folger.edu/luna/servlet/s/524dp0</marc:subfield><marc:subfield code="z">Binding images and description for Folger Shakespeare Library INC G545</marc:subfield></marc:datafield><marc:datafield tag="998" ind1=" " ind2=" "><marc:subfield code="a">09/04/96</marc:subfield><marc:subfield code="t">c</marc:subfield><marc:subfield code="s">9114</marc:subfield><marc:subfield code="l">DCFG</marc:subfield><marc:subfield code="n">DFo</marc:subfield><marc:subfield code="w">DCFG94B3685</marc:subfield><marc:subfield code="d">12/06/94</marc:subfield><marc:subfield code="c">ML</marc:subfield><marc:subfield code="b">KK</marc:subfield></marc:datafield><marc:datafield tag="950" ind1=" " ind2=" "><marc:subfield code="l">RARE</marc:subfield><marc:subfield code="h">12/19/94 C</marc:subfield></marc:datafield></marc:record>