
<marc:record><marc:leader>02873cam a2200433 a 4500</marc:leader>
<marc:controlfield tag="001">90235</marc:controlfield>
<marc:controlfield tag="005">20111004160714.0</marc:controlfield><marc:controlfield tag="008">950228s1491    it a          000 0 lat  </marc:controlfield><marc:datafield tag="010" ind1=" " ind2=" "><marc:subfield code="a">   91128403 </marc:subfield></marc:datafield><marc:datafield tag="035" ind1=" " ind2=" "><marc:subfield code="9">DCFG95-B683</marc:subfield></marc:datafield><marc:datafield tag="040" ind1=" " ind2=" "><marc:subfield code="a">DLC</marc:subfield><marc:subfield code="c">DLC</marc:subfield><marc:subfield code="e">bdrb</marc:subfield><marc:subfield code="d">DFo</marc:subfield><marc:subfield code="d">UtOrBLW</marc:subfield></marc:datafield><marc:datafield tag="050" ind1="0" ind2="0"><marc:subfield code="a">Incun. 1491</marc:subfield><marc:subfield code="b">.S22</marc:subfield><marc:subfield code="a">QB42</marc:subfield></marc:datafield><marc:datafield tag="051" ind1=" " ind2=" "><marc:subfield code="a">Incun. 1491</marc:subfield><marc:subfield code="b">.S22 Copy 2</marc:subfield><marc:subfield code="c">Copy 2. Bookplate of John Boyd Thacher.</marc:subfield></marc:datafield><marc:datafield tag="090" ind1=" " ind2=" "><marc:subfield code="b">INC J369</marc:subfield><marc:subfield code="f">cs848</marc:subfield><marc:subfield code="t">6̃50</marc:subfield><marc:subfield code="t">6̃90</marc:subfield><marc:subfield code="t">7̃40</marc:subfield><marc:subfield code="t">7̃96-1</marc:subfield><marc:subfield code="i">03/21/95 C</marc:subfield></marc:datafield><marc:datafield tag="100" ind1="1" ind2=" "><marc:subfield code="a">Sacro Bosco, Joannes de,</marc:subfield><marc:subfield code="d">fl. 1230.</marc:subfield></marc:datafield><marc:datafield tag="245" ind1="1" ind2="0"><marc:subfield code="a">Sphaera mundi.</marc:subfield></marc:datafield><marc:datafield tag="260" ind1=" " ind2=" "><marc:subfield code="a">Hoc ... opusculum impressum est Venetiis :</marc:subfield><marc:subfield code="b">Per Magistrum Gullielmum de Tridino de Monteferrato,</marc:subfield><marc:subfield code="c">1491 die xiiii Ianuarii.</marc:subfield></marc:datafield><marc:datafield tag="300" ind1=" " ind2=" "><marc:subfield code="a">[96] p. :</marc:subfield><marc:subfield code="b">ill. (woodcut), diagrams (woodcuts, some col.) ;</marc:subfield><marc:subfield code="c">21 cm. (4to)</marc:subfield></marc:datafield><marc:datafield tag="500" ind1=" " ind2=" "><marc:subfield code="a">Incipit: Sphaerae mondi [sic] compe[n]dium foeliciter inchoat. Following that is a statement of the contents of this ed.: ... Ioa[n]nis de Sacro Busto Sphaericu[m] opusculu[m] una cu[m] additio[n]ibus no[n]nullis l[itte]ra A sparsim ubi i[n]tersertae sint signatis, Co[n]traq[ue] Cremone[n]sia i[n] planeta[rum] theoricas delyramenta Ioa[n]nis de Monteregio disputat[i]o[n]es ... nec no[n] Georgii Purbachii i[n] eoru[n]de[m] motus planeta[rum] accuratis. theoricae dicatu[m] opus ...</marc:subfield></marc:datafield><marc:datafield tag="500" ind1=" " ind2=" "><marc:subfield code="a">A page-for-page reprint of the 1490 ed. printed by Bonetus Locatellus for Octavianus Scotus (LC record 91-128020), using the same woodcut blocks. Here the color printing is less well executed, using yellowish brown ink, with the second color being a dull orange.</marc:subfield></marc:datafield><marc:datafield tag="500" ind1=" " ind2=" "><marc:subfield code="a">Imprint from colophon (leaf f7v).</marc:subfield></marc:datafield><marc:datafield tag="500" ind1=" " ind2=" "><marc:subfield code="a">Signatures: a-f⁸.</marc:subfield></marc:datafield><marc:datafield tag="500" ind1=" " ind2=" "><marc:subfield code="a">Includes register.</marc:subfield></marc:datafield><marc:datafield tag="510" ind1="4" ind2=" "><marc:subfield code="a">Goff</marc:subfield><marc:subfield code="c">J-410.</marc:subfield></marc:datafield><marc:datafield tag="510" ind1="4" ind2=" "><marc:subfield code="a">Hain-Copinger</marc:subfield><marc:subfield code="c">14114*.</marc:subfield></marc:datafield><marc:datafield tag="510" ind1="4" ind2=" "><marc:subfield code="a">BM 15th cent.,</marc:subfield><marc:subfield code="c">V, p. 412 (IA.23085).</marc:subfield></marc:datafield><marc:datafield tag="590" ind1=" " ind2=" "><marc:subfield code="a">Folger copy 1: in a brown morocco binding, gold tooled (W. Root &amp; Son). Purchased in 1919.</marc:subfield></marc:datafield><marc:datafield tag="590" ind1=" " ind2=" "><marc:subfield code="a">Folger copy 2: in reinforced vellum binding; edges trimmed, slightly affecting text on a few leaves. Inscription below colophon in brown ink: Hic liber est F[rat]ris tadej p[er]usinj Et amico[rum] pariter que[m] emj i[n] almo studio Bononie[n]sj qui[n]q[ue] Bole[n]denis 1492 die 9 noue[m]b[ris]; &quot;Bernardinus Oliuerius&quot; stamped on t.p. Purchased in 1919.</marc:subfield></marc:datafield><marc:datafield tag="650" ind1=" " ind2="0"><marc:subfield code="a">Astronomy</marc:subfield><marc:subfield code="v">Early works to 1800.</marc:subfield></marc:datafield><marc:datafield tag="650" ind1=" " ind2="0"><marc:subfield code="a">Cosmography</marc:subfield><marc:subfield code="v">Early works to 1800.</marc:subfield></marc:datafield><marc:datafield tag="655" ind1=" " ind2="7"><marc:subfield code="a">Illustrated works</marc:subfield><marc:subfield code="y">15th and 16th centuries.</marc:subfield><marc:subfield code="2">rbgenr</marc:subfield></marc:datafield><marc:datafield tag="700" ind1="1" ind2="2"><marc:subfield code="a">Regiomontanus, Joannes,</marc:subfield><marc:subfield code="d">1436-1476.</marc:subfield><marc:subfield code="t">Disputationes contra Cremonensia deliramenta.</marc:subfield><marc:subfield code="f">1491.</marc:subfield></marc:datafield><marc:datafield tag="700" ind1="1" ind2="2"><marc:subfield code="a">Peurbach, Georg von,</marc:subfield><marc:subfield code="d">1423-1461.</marc:subfield><marc:subfield code="t">Theoricae novae planetarum.</marc:subfield><marc:subfield code="f">1491.</marc:subfield></marc:datafield><marc:datafield tag="740" ind1="0" ind2=" "><marc:subfield code="a">Sphaera mvndi.</marc:subfield></marc:datafield><marc:datafield tag="700" ind1="1" ind2=" "><marc:subfield code="a">Root, William,</marc:subfield><marc:subfield code="e">binder.</marc:subfield></marc:datafield><marc:datafield tag="752" ind1="1" ind2="0"><marc:subfield code="d">Venice.</marc:subfield></marc:datafield><marc:datafield tag="700" ind1="0" ind2=" "><marc:subfield code="a">Guglielmo,</marc:subfield><marc:subfield code="c">da Trino,</marc:subfield><marc:subfield code="d">fl. 1486-1494,</marc:subfield><marc:subfield code="e">printer.</marc:subfield></marc:datafield><marc:datafield tag="950" ind1=" " ind2=" "><marc:subfield code="l">RARE</marc:subfield><marc:subfield code="e">copy 1</marc:subfield><marc:subfield code="i">03/21/95 C</marc:subfield></marc:datafield><marc:datafield tag="998" ind1=" " ind2=" "><marc:subfield code="a">03/21/95</marc:subfield><marc:subfield code="t">c</marc:subfield><marc:subfield code="s">9110</marc:subfield><marc:subfield code="n">DFo</marc:subfield><marc:subfield code="w">DCLC91128403B</marc:subfield><marc:subfield code="d">02/28/95</marc:subfield><marc:subfield code="c">ML</marc:subfield><marc:subfield code="b">MT</marc:subfield><marc:subfield code="l">DCFG</marc:subfield></marc:datafield></marc:record>