
<marc:record><marc:leader>03632cam a2200469 a 4500</marc:leader>
<marc:controlfield tag="001">89735</marc:controlfield>
<marc:controlfield tag="005">20110119165959.0</marc:controlfield><marc:controlfield tag="008">940412s1495    fr            000 0 lat d</marc:controlfield><marc:datafield tag="035" ind1=" " ind2=" "><marc:subfield code="9">DCFG94-B1829</marc:subfield></marc:datafield><marc:datafield tag="040" ind1=" " ind2=" "><marc:subfield code="a">DFo</marc:subfield><marc:subfield code="c">DFo</marc:subfield><marc:subfield code="e">dcrb</marc:subfield><marc:subfield code="d">UtOrBLW</marc:subfield></marc:datafield><marc:datafield tag="090" ind1=" " ind2=" "><marc:subfield code="b">INC T138</marc:subfield><marc:subfield code="f">cs1808</marc:subfield><marc:subfield code="t">6̃00</marc:subfield><marc:subfield code="t">6̃50</marc:subfield><marc:subfield code="t">7̃55</marc:subfield><marc:subfield code="t">7̃96-1</marc:subfield><marc:subfield code="i">04/19/94 C</marc:subfield></marc:datafield><marc:datafield tag="245" ind1="1" ind2="0"><marc:subfield code="a">Vita [et] processus Sancti Thome Cantuariensis martyris super libertate ecclesiastica.</marc:subfield></marc:datafield><marc:datafield tag="260" ind1=" " ind2=" "><marc:subfield code="a">I[m]pressa fuit Parisius :</marc:subfield><marc:subfield code="b">Per magistrum Iohannem Philippi ...,</marc:subfield><marc:subfield code="c">et [con]pleta anno D[omi]ni [27 Mar. 1495]</marc:subfield></marc:datafield><marc:datafield tag="300" ind1=" " ind2=" "><marc:subfield code="a">[196] p. ;</marc:subfield><marc:subfield code="c">24 cm. (4to)</marc:subfield></marc:datafield><marc:datafield tag="500" ind1=" " ind2=" "><marc:subfield code="a">Issued with Pierre Bertrand's Libellus de iurisdictione ecclesiastica (Goff B-516).</marc:subfield></marc:datafield><marc:datafield tag="500" ind1=" " ind2=" "><marc:subfield code="a">Imprint from colophon (leaf m5v), which gives date as: Anno D[omi]ni Millesimo q[ua]dringe[n]tesimo nonagesimoquinto, vicesimaseptima mensis Martij.</marc:subfield></marc:datafield><marc:datafield tag="500" ind1=" " ind2=" "><marc:subfield code="a">Signatures: a-l⁸, m⁶, A⁴.</marc:subfield></marc:datafield><marc:datafield tag="500" ind1=" " ind2=" "><marc:subfield code="a">Capital spaces, some with guide letters.</marc:subfield></marc:datafield><marc:datafield tag="500" ind1=" " ind2=" "><marc:subfield code="a">Printed in 2 columns.</marc:subfield></marc:datafield><marc:datafield tag="500" ind1=" " ind2=" "><marc:subfield code="a">Headlines read &quot;Liber&quot; on recto and &quot;primus&quot; on verso of each leaf, from leaf b1 to leaf b8; the word &quot;Liber&quot; has been printed as headline on leaf c1r but is not followed by number on the verso.</marc:subfield></marc:datafield><marc:datafield tag="500" ind1=" " ind2=" "><marc:subfield code="a">Leaf a3 correctly signed.</marc:subfield></marc:datafield><marc:datafield tag="510" ind1="4" ind2=" "><marc:subfield code="a">Goff</marc:subfield><marc:subfield code="c">T-159 (and suppl.).</marc:subfield></marc:datafield><marc:datafield tag="510" ind1="4" ind2=" "><marc:subfield code="a">BM 15th cent.,</marc:subfield><marc:subfield code="c">VIII, p. 148 (IB.40476a, 1).</marc:subfield></marc:datafield><marc:datafield tag="510" ind1="4" ind2=" "><marc:subfield code="a">Polain</marc:subfield><marc:subfield code="c">3974.</marc:subfield></marc:datafield><marc:datafield tag="590" ind1=" " ind2=" "><marc:subfield code="a">Folger copy: edges have been trimmed, affecting manuscript notes; some worming in the 1st gathering, slightly affecting text.</marc:subfield></marc:datafield><marc:datafield tag="590" ind1=" " ind2=" "><marc:subfield code="a">Initials and a few capital strokes provided in red paint on leaves a2v and a4r.</marc:subfield></marc:datafield><marc:datafield tag="590" ind1=" " ind2=" "><marc:subfield code="a">Manuscript notes in several hands in brown ink, brackets, some underlining, and finding notes; a few guide-letters have been added by hand in capital spaces; each occurrence of the Latin equivalent of words &quot;pope&quot; and its synonyms, &quot;saint&quot;, and &quot;martyr&quot; has been crossed out in brown ink throughout the 2 works bound in this volume (except on the t.p.); other words have sometimes been substituted by hand; several inscriptions on t.p. in different hands, illegible.</marc:subfield></marc:datafield><marc:datafield tag="590" ind1=" " ind2=" "><marc:subfield code="a">Top edge of 1st leaf, probably bearing a mark of ownership, has been cut out and replaced; bookstamp on t.p. of Narcissus Luttrell (no. 1780 in the Sotheby sale catalog of his library, March 1786); pencilled note on verso of front free endpaper &quot;Lot 21 Sotheby's Apr. 30 [...] May 7&quot;, referring to the sale of the collection of Richard Farmer? (no. 1844 in the Sotheby sale catalog of his library, May 1798); bookplate with motto &quot;Credunt quod vident&quot; and coat of arms of the Eliott family, of Stobs (shelfmark &quot;E3&quot; added in pencil, surrounding the coat of arms); purchased in 1928.</marc:subfield></marc:datafield><marc:datafield tag="590" ind1=" " ind2=" "><marc:subfield code="a">In an 18th century Russia leather binding; gilt edges show evidence of previous coloring and imperfect ploughing in the previous binding; repaired.</marc:subfield></marc:datafield><marc:datafield tag="590" ind1=" " ind2=" "><marc:subfield code="a">With: Bertrand, Pierre, Cardinal. Libellus de iurisdictione eccl[es]iastica ... Impressus Parisij : Per m[a]g[ist]r[u]m Ioh[ann]em Philippi Alemanu[m] ..., anno D[omi]ni [2 April 1495]</marc:subfield></marc:datafield><marc:datafield tag="650" ind1=" " ind2="0"><marc:subfield code="a">Church and state.</marc:subfield></marc:datafield><marc:datafield tag="655" ind1=" " ind2="7"><marc:subfield code="a">Annotations (Provenance)</marc:subfield><marc:subfield code="2">rbprov</marc:subfield></marc:datafield><marc:datafield tag="655" ind1=" " ind2="7"><marc:subfield code="a">Russia leather bindings (Binding)</marc:subfield><marc:subfield code="2">rbbin</marc:subfield></marc:datafield><marc:datafield tag="700" ind1="1" ind2=" "><marc:subfield code="a">Luttrell, Narcissus,</marc:subfield><marc:subfield code="d">1657-1732,</marc:subfield><marc:subfield code="e">former owner.</marc:subfield></marc:datafield><marc:datafield tag="700" ind1="1" ind2=" "><marc:subfield code="a">Farmer, Richard,</marc:subfield><marc:subfield code="d">1735-1797,</marc:subfield><marc:subfield code="e">former owner.</marc:subfield></marc:datafield><marc:datafield tag="700" ind1="1" ind2=" "><marc:subfield code="a">Eliott family,</marc:subfield><marc:subfield code="e">former owner.</marc:subfield></marc:datafield><marc:datafield tag="700" ind1="1" ind2=" "><marc:subfield code="a">Philippi, Jean,</marc:subfield><marc:subfield code="d">fl. 1494-1519,</marc:subfield><marc:subfield code="e">printer.</marc:subfield></marc:datafield><marc:datafield tag="752" ind1="1" ind2="0"><marc:subfield code="d">Paris.</marc:subfield></marc:datafield><marc:datafield tag="100" ind1="0" ind2=" "><marc:subfield code="a">Thomas,</marc:subfield><marc:subfield code="c">à Becket, Saint,</marc:subfield><marc:subfield code="d">1118?-1170.</marc:subfield></marc:datafield><marc:datafield tag="600" ind1="0" ind2="0"><marc:subfield code="a">Thomas,</marc:subfield><marc:subfield code="c">à Becket, Saint,</marc:subfield><marc:subfield code="d">1118?-1170.</marc:subfield></marc:datafield><marc:datafield tag="950" ind1=" " ind2=" "><marc:subfield code="l">RARE</marc:subfield><marc:subfield code="i">04/19/94 C</marc:subfield></marc:datafield><marc:datafield tag="998" ind1=" " ind2=" "><marc:subfield code="a">04/19/94</marc:subfield><marc:subfield code="t">c</marc:subfield><marc:subfield code="s">9114</marc:subfield><marc:subfield code="n">DFo</marc:subfield><marc:subfield code="w">DCFG94B1829</marc:subfield><marc:subfield code="d">04/12/94</marc:subfield><marc:subfield code="c">ML</marc:subfield><marc:subfield code="b">MT</marc:subfield><marc:subfield code="l">DCFG</marc:subfield></marc:datafield></marc:record>