
<marc:record><marc:leader>02994cam a2200445 a 4500</marc:leader>
<marc:controlfield tag="001">89210</marc:controlfield>
<marc:controlfield tag="005">20110119165946.0</marc:controlfield><marc:controlfield tag="008">931028s1491    it            000 0 lat d</marc:controlfield><marc:datafield tag="035" ind1=" " ind2=" "><marc:subfield code="9">DCFG93-B14847</marc:subfield></marc:datafield><marc:datafield tag="040" ind1=" " ind2=" "><marc:subfield code="a">CU-BANC</marc:subfield><marc:subfield code="c">CU-BANC</marc:subfield><marc:subfield code="d">DFo</marc:subfield><marc:subfield code="e">dcrb</marc:subfield><marc:subfield code="d">UtOrBLW</marc:subfield></marc:datafield><marc:datafield tag="090" ind1=" " ind2=" "><marc:subfield code="b">INC A491</marc:subfield><marc:subfield code="t">7̃00-2</marc:subfield><marc:subfield code="t">7̃00-3</marc:subfield><marc:subfield code="t">7̃40</marc:subfield><marc:subfield code="i">08/25/94 N</marc:subfield><marc:subfield code="h">05/31/94 N</marc:subfield><marc:subfield code="h">11/05/93 C</marc:subfield></marc:datafield><marc:datafield tag="240" ind1="1" ind2="0"><marc:subfield code="a">Selections.</marc:subfield><marc:subfield code="f">1491</marc:subfield></marc:datafield><marc:datafield tag="245" ind1="1" ind2="0"><marc:subfield code="a">Tabula Epistola[rum] ...</marc:subfield></marc:datafield><marc:datafield tag="246" ind1="3" ind2="3"><marc:subfield code="a">Epistolae</marc:subfield></marc:datafield><marc:datafield tag="260" ind1=" " ind2=" "><marc:subfield code="a">I[m]pressa su[n]t i[n] i[n]clyta ciuitate Mediolani :</marc:subfield><marc:subfield code="b">Per Antoniu[m] Zarotu[m] Parme[n]sem,</marc:subfield><marc:subfield code="c">Anno Domini 1491, in Cale[n]dis Februarii [1 Feb.]</marc:subfield></marc:datafield><marc:datafield tag="300" ind1=" " ind2=" "><marc:subfield code="a">[384] p. ;</marc:subfield><marc:subfield code="c">31 cm. (fol.)</marc:subfield></marc:datafield><marc:datafield tag="500" ind1=" " ind2=" "><marc:subfield code="a">Title from table of contents (leaf [A]1r).</marc:subfield></marc:datafield><marc:datafield tag="500" ind1=" " ind2=" "><marc:subfield code="a">Edited by Stefano Dolcino.</marc:subfield></marc:datafield><marc:datafield tag="500" ind1=" " ind2=" "><marc:subfield code="a">Imprint from colophon, which reads: Gloriosi &amp; Irrefragabilis aecclesiae catholicae Doctoris: &amp; Reuerẽdissimi Mediolanẽsis Archiepiscopi: Sãcti Ambrosii De Epistolis. De Vocatiõe oĩum gẽtiũ De aedificatiõe urbis Mediolani. De Ysaac &amp; aĩa: &amp; De fuga saeculi op[er]a foeliciter ĩpressa sũt ĩ ĩclyta Ciuitate Mediolani, Per Antoniũ Zarotũ parmẽsem. Anno Domini Mcccc.Lxxxxi. in calẽdis februarii.</marc:subfield></marc:datafield><marc:datafield tag="500" ind1=" " ind2=" "><marc:subfield code="a">Signatures: [A]², a-h⁸, I⁸, k-q⁸, r⁴, s⁸, t⁶, u-x⁸, y⁶, z⁴, &amp;⁸, [con]⁶, [rum]⁴ (l2 signed l ll).</marc:subfield></marc:datafield><marc:datafield tag="500" ind1=" " ind2=" "><marc:subfield code="a">Capital spaces with guide letters.</marc:subfield></marc:datafield><marc:datafield tag="510" ind1="4" ind2=" "><marc:subfield code="a">Goff</marc:subfield><marc:subfield code="c">A-553 (+Suppl.).</marc:subfield></marc:datafield><marc:datafield tag="510" ind1="4" ind2=" "><marc:subfield code="a">BM 15th century,</marc:subfield><marc:subfield code="c">VI, p. 722 (IB.26062).</marc:subfield></marc:datafield><marc:datafield tag="510" ind1="4" ind2=" "><marc:subfield code="a">GW</marc:subfield><marc:subfield code="c">1601.</marc:subfield></marc:datafield><marc:datafield tag="500" ind1=" " ind2=" "><marc:subfield code="a">Includes register.</marc:subfield></marc:datafield><marc:datafield tag="590" ind1=" " ind2=" "><marc:subfield code="a">Folger copy: some partial worming, slightly affecting text; edges cropped, affecting early manuscript notes.</marc:subfield></marc:datafield><marc:datafield tag="590" ind1=" " ind2=" "><marc:subfield code="a">Early manuscript notes in brown ink; numbering added by hand on top right corner of recto of each leaf; also some occasional blue or red pencil marks and underlining; other manuscript notes on endpapers.</marc:subfield></marc:datafield><marc:datafield tag="590" ind1=" " ind2=" "><marc:subfield code="a">Mark of ownership, crossed out, illegible, on leaf [A]1r, dated 1770; another note on top of the same leaf, illegible from the trimming of the edges; ownership inscription on front flyleaf, crossed out, partially legible &quot;Ex libris (?) Bibliothecae Conuentus Sancti Antonii Bregall. (for Brig, Switzerland?) 1776&quot;; circular bookstamp &quot;Museo Cavaleri&quot; on leaf [A]2r; bookplate of W.T. Smedley; purchased in 1924.</marc:subfield></marc:datafield><marc:datafield tag="590" ind1=" " ind2=" "><marc:subfield code="a">In a later sheepskin binding; shelfmark on a circular label on the tail of the spine; repaired; rebacked.</marc:subfield></marc:datafield><marc:datafield tag="655" ind1=" " ind2="7"><marc:subfield code="a">Annotations (Provenance)</marc:subfield><marc:subfield code="2">rbprov</marc:subfield></marc:datafield><marc:datafield tag="700" ind1="1" ind2=" "><marc:subfield code="a">Dolcino, Stefano,</marc:subfield><marc:subfield code="d">1462-1508.</marc:subfield></marc:datafield><marc:datafield tag="700" ind1="1" ind2=" "><marc:subfield code="a">Cavaleri, Michele,</marc:subfield><marc:subfield code="e">former owner.</marc:subfield></marc:datafield><marc:datafield tag="700" ind1="1" ind2=" "><marc:subfield code="a">Smedley, William T.</marc:subfield><marc:subfield code="q">(William Thomas),</marc:subfield><marc:subfield code="d">b. 1851,</marc:subfield><marc:subfield code="e">former owner.</marc:subfield></marc:datafield><marc:datafield tag="700" ind1="1" ind2=" "><marc:subfield code="a">Zarotto, Antonio,</marc:subfield><marc:subfield code="e">printer.</marc:subfield></marc:datafield><marc:datafield tag="752" ind1="1" ind2="0"><marc:subfield code="d">Milan.</marc:subfield></marc:datafield><marc:datafield tag="100" ind1="0" ind2=" "><marc:subfield code="a">Ambrose,</marc:subfield><marc:subfield code="c">Saint, Bishop of Milan,</marc:subfield><marc:subfield code="d">d. 397.</marc:subfield></marc:datafield><marc:datafield tag="700" ind1="0" ind2=" "><marc:subfield code="a">Ambrose,</marc:subfield><marc:subfield code="c">Saint, Bishop of Milan,</marc:subfield><marc:subfield code="d">d. 397.</marc:subfield><marc:subfield code="t">Epistolae.</marc:subfield></marc:datafield><marc:datafield tag="700" ind1="0" ind2=" "><marc:subfield code="a">Ambrose,</marc:subfield><marc:subfield code="c">Saint, Bishop of Milan,</marc:subfield><marc:subfield code="d">d. 397.</marc:subfield><marc:subfield code="t">Correspondence.</marc:subfield></marc:datafield><marc:datafield tag="950" ind1=" " ind2=" "><marc:subfield code="l">RARE</marc:subfield><marc:subfield code="h">11/05/93 C</marc:subfield></marc:datafield><marc:datafield tag="998" ind1=" " ind2=" "><marc:subfield code="a">08/25/94</marc:subfield><marc:subfield code="t">c</marc:subfield><marc:subfield code="s">9115</marc:subfield><marc:subfield code="n">DFo</marc:subfield><marc:subfield code="w">DCFG93B14847</marc:subfield><marc:subfield code="d">10/28/93</marc:subfield><marc:subfield code="c">ML</marc:subfield><marc:subfield code="b">MT</marc:subfield><marc:subfield code="l">DCFG</marc:subfield></marc:datafield></marc:record>