
<marc:record><marc:leader>01620cam a2200337 a 4500</marc:leader>
<marc:controlfield tag="001">89873</marc:controlfield>
<marc:controlfield tag="005">20110119170009.0</marc:controlfield><marc:controlfield tag="008">940603s1500    fr            001 0 lat d</marc:controlfield><marc:datafield tag="035" ind1=" " ind2=" "><marc:subfield code="9">DCFG94-B2359</marc:subfield></marc:datafield><marc:datafield tag="040" ind1=" " ind2=" "><marc:subfield code="a">DFo</marc:subfield><marc:subfield code="c">DFo</marc:subfield><marc:subfield code="e">dcrb</marc:subfield></marc:datafield><marc:datafield tag="090" ind1=" " ind2=" "><marc:subfield code="b">INC B1084</marc:subfield><marc:subfield code="f">cs1788</marc:subfield><marc:subfield code="i">06/14/94 C</marc:subfield></marc:datafield><marc:datafield tag="100" ind1="1" ind2=" "><marc:subfield code="a">Brulefer, Etienne,</marc:subfield><marc:subfield code="d">d. ca. 1499.</marc:subfield></marc:datafield><marc:datafield tag="245" ind1="1" ind2="0"><marc:subfield code="a">Opuscula reuere[n]di magistri Fratris Stephani Brulefer ordinis Mino[rum] quo[rum] numerus in fine o[mn]i[u]m cuilibet patet.</marc:subfield></marc:datafield><marc:datafield tag="260" ind1=" " ind2=" "><marc:subfield code="a">I[m]pressioni castigatissime data Parisius :</marc:subfield><marc:subfield code="b">P[er] mag[ist]r[u]m Andrea[m] Bocard, die xxiiij. mensis Aprilis,</marc:subfield><marc:subfield code="c">anno 1500.</marc:subfield></marc:datafield><marc:datafield tag="300" ind1=" " ind2=" "><marc:subfield code="a">cclxiiij, [8] leaves ;</marc:subfield><marc:subfield code="c">14 cm. (8vo)</marc:subfield></marc:datafield><marc:datafield tag="500" ind1=" " ind2=" "><marc:subfield code="a">Imprint from colophon (leaf h8v); device of Jean Petit on t.p.</marc:subfield></marc:datafield><marc:datafield tag="500" ind1=" " ind2=" "><marc:subfield code="a">Signatures: a-z⁸, [et]⁸, [con]⁸, 2a-2i⁸ (b3 signed a3, h4 signed g4).</marc:subfield></marc:datafield><marc:datafield tag="500" ind1=" " ind2=" "><marc:subfield code="a">Printed capitals.</marc:subfield></marc:datafield><marc:datafield tag="510" ind1="4" ind2=" "><marc:subfield code="a">Goff</marc:subfield><marc:subfield code="c">B-1222.</marc:subfield></marc:datafield><marc:datafield tag="510" ind1="4" ind2=" "><marc:subfield code="a">BM 15th cent.,</marc:subfield><marc:subfield code="c">VIII, p. 157-158 (IA.40236).</marc:subfield></marc:datafield><marc:datafield tag="510" ind1="4" ind2=" "><marc:subfield code="a">GW</marc:subfield><marc:subfield code="c">5587.</marc:subfield></marc:datafield><marc:datafield tag="590" ind1=" " ind2=" "><marc:subfield code="a">Folger copy lacks last leaf with printer's device.</marc:subfield></marc:datafield><marc:datafield tag="590" ind1=" " ind2=" "><marc:subfield code="a">A few fists and underlining in brown ink; drawing of eyes on leaf 2a7v.</marc:subfield></marc:datafield><marc:datafield tag="590" ind1=" " ind2=" "><marc:subfield code="a">Ownership inscription on t.p., partially illegible, reading: &quot;... f[ratr]is[?] min: con:&quot;, and autograph reading &quot;An. Claudin [for Anatole Claudin?]&quot;; purchased in 1928.</marc:subfield></marc:datafield><marc:datafield tag="590" ind1=" " ind2=" "><marc:subfield code="a">Repaired.</marc:subfield></marc:datafield><marc:datafield tag="700" ind1="1" ind2=" "><marc:subfield code="a">Claudin, A.</marc:subfield><marc:subfield code="q">(Anatole),</marc:subfield><marc:subfield code="d">1833-1906,</marc:subfield><marc:subfield code="e">former owner.</marc:subfield></marc:datafield><marc:datafield tag="700" ind1="1" ind2=" "><marc:subfield code="a">Bocard, André,</marc:subfield><marc:subfield code="d">fl. 1491-1531,</marc:subfield><marc:subfield code="e">printer.</marc:subfield></marc:datafield><marc:datafield tag="700" ind1="1" ind2=" "><marc:subfield code="a">Petit, Jean,</marc:subfield><marc:subfield code="d">fl. 1492-1530,</marc:subfield><marc:subfield code="e">printer.</marc:subfield></marc:datafield><marc:datafield tag="752" ind1="1" ind2="0"><marc:subfield code="d">Paris.</marc:subfield></marc:datafield><marc:datafield tag="950" ind1=" " ind2=" "><marc:subfield code="l">RARE</marc:subfield><marc:subfield code="i">06/14/94 C</marc:subfield></marc:datafield><marc:datafield tag="998" ind1=" " ind2=" "><marc:subfield code="a">06/14/94</marc:subfield><marc:subfield code="t">c</marc:subfield><marc:subfield code="s">9114</marc:subfield><marc:subfield code="n">DFo</marc:subfield><marc:subfield code="w">DCFG94B2359</marc:subfield><marc:subfield code="d">06/03/94</marc:subfield><marc:subfield code="c">ML</marc:subfield><marc:subfield code="b">MT</marc:subfield><marc:subfield code="l">DCFG</marc:subfield></marc:datafield></marc:record>