
<marc:record><marc:leader>04233cam a2200553 i 4500</marc:leader>
<marc:controlfield tag="001">90244</marc:controlfield>
<marc:controlfield tag="005">20120822114534.0</marc:controlfield><marc:controlfield tag="008">950307s1478    sz            000 0 lat d</marc:controlfield><marc:datafield tag="035" ind1=" " ind2=" "><marc:subfield code="9">DCFG95-B811</marc:subfield></marc:datafield><marc:datafield tag="035" ind1=" " ind2=" "><marc:subfield code="a">90244</marc:subfield></marc:datafield><marc:datafield tag="040" ind1=" " ind2=" "><marc:subfield code="a">DFo</marc:subfield><marc:subfield code="c">DFo</marc:subfield><marc:subfield code="e">dcrb</marc:subfield><marc:subfield code="d">UtOrBLW</marc:subfield></marc:datafield><marc:datafield tag="090" ind1=" " ind2=" "><marc:subfield code="b">INC J467</marc:subfield><marc:subfield code="f">222703</marc:subfield><marc:subfield code="t">6̃50</marc:subfield><marc:subfield code="t">6̃55</marc:subfield><marc:subfield code="t">7̃30</marc:subfield><marc:subfield code="t">7̃55</marc:subfield><marc:subfield code="i">03/18/96 N</marc:subfield><marc:subfield code="h">11/07/95 N</marc:subfield><marc:subfield code="h">03/21/95 C</marc:subfield></marc:datafield><marc:datafield tag="130" ind1="0" ind2=" "><marc:subfield code="a">Institutiones.</marc:subfield></marc:datafield><marc:datafield tag="245" ind1="1" ind2="0"><marc:subfield code="a">Incipit liber p[ri]mus d[omi]ni Iustiniani imp[er]atoris institutionu[m] seu elementorum.</marc:subfield></marc:datafield><marc:datafield tag="260" ind1=" " ind2=" "><marc:subfield code="a">I[n] celebratissima vrbe Basiliensi ... :</marc:subfield><marc:subfield code="b">Impressum est per Michahelem Wenssler ...,</marc:subfield><marc:subfield code="c">anno nostre Salutis [1478] pridie Kalendas Augusti [31 July]</marc:subfield></marc:datafield><marc:datafield tag="300" ind1=" " ind2=" "><marc:subfield code="a">[212] p. ;</marc:subfield><marc:subfield code="c">41 cm. (fol.)</marc:subfield></marc:datafield><marc:datafield tag="500" ind1=" " ind2=" "><marc:subfield code="a">Title extracted from incipit (leaf [a]2r).</marc:subfield></marc:datafield><marc:datafield tag="500" ind1=" " ind2=" "><marc:subfield code="a">Imprint from prose colophon at end of text (leaf n6v) which gives year of publication in Latin words.</marc:subfield></marc:datafield><marc:datafield tag="500" ind1=" " ind2=" "><marc:subfield code="a">Signatures: [a]¹⁰, [b]⁸, [c-f]⁸/¹⁰, [g-l]⁸, [m-n]⁶.</marc:subfield></marc:datafield><marc:datafield tag="500" ind1=" " ind2=" "><marc:subfield code="a">Printed in 2 columns.</marc:subfield></marc:datafield><marc:datafield tag="500" ind1=" " ind2=" "><marc:subfield code="a">Text surrounded by commentary.</marc:subfield></marc:datafield><marc:datafield tag="500" ind1=" " ind2=" "><marc:subfield code="a">Capital spaces.</marc:subfield></marc:datafield><marc:datafield tag="500" ind1=" " ind2=" "><marc:subfield code="a">Printed in red and black.</marc:subfield></marc:datafield><marc:datafield tag="510" ind1="4" ind2=" "><marc:subfield code="a">Goff</marc:subfield><marc:subfield code="c">J-518.</marc:subfield></marc:datafield><marc:datafield tag="510" ind1="4" ind2=" "><marc:subfield code="a">BM 15th cent.,</marc:subfield><marc:subfield code="c">III, p. 725 (IC.37087).</marc:subfield></marc:datafield><marc:datafield tag="510" ind1="4" ind2=" "><marc:subfield code="a">GW</marc:subfield><marc:subfield code="c">7597.</marc:subfield></marc:datafield><marc:datafield tag="585" ind1=" " ind2=" "><marc:subfield code="a">Washington, D.C., Folger Shakespeare Library, 1992. Fine and Historic Bookbindings (catalog entry 1:1)</marc:subfield><marc:subfield code="5">DFo</marc:subfield></marc:datafield><marc:datafield tag="590" ind1=" " ind2=" "><marc:subfield code="a">Folger copy: large initial in colors with leafy motif in margins on leaf [a]2r; other main initials in red and blue  with red, blue, or purple penwork infill and flourishes; smaller initials and paragraph marks in alternate red and blue throughout; headlines, numbering of leaves (leaves 2-106 numbered 1-105) and a few chapter headings, added in red paint.</marc:subfield></marc:datafield><marc:datafield tag="590" ind1=" " ind2=" "><marc:subfield code="a">Title of chapters handwritten in brown at head of each leaf, presumably as part of the manufacture of the book; extensive manuscript readers notes in brown ink in several hands (one of them being Adolf Knoblauch's) with numerous fists, brackets, underlining and corrections in both text and commentary;  manuscript index in A. Knoblauch's hand on front flyleaf, referring to leaf numbers; his sketches of coat of arms (one of them with garlic cloves as charges) and other notes on flyleaves and pastedowns; &quot;Arbor consanguinitatis&quot; reproduced by hand on back flyleaf.</marc:subfield></marc:datafield><marc:datafield tag="590" ind1=" " ind2=" "><marc:subfield code="a">Autograph &quot;Adolfus Knobelauch Franckforter&quot; on front flyleaf; bookstamp of the Herzogliche Öffentliche Bibliothek of Meiningen; bookplate of Mr. and Mrs. H. Dunscombe Colt.</marc:subfield></marc:datafield><marc:datafield tag="590" ind1=" " ind2=" "><marc:subfield code="a">Contemporary brown calf binding over wooden boards with blind tooled rolls and stamps (Cf. Kyriss III, no. 160 &quot;Mainz region&quot;; Schwenke-Schunke Schrift 210, Affe 1, etc.; Fine and historic bookbindings from the Folger Shakespeare Library, 1:1), with 2 clasps, from a secular bindery connected to the printshop of Peter Schoeffer in Mainz, according to Lotte Hellinga's article: Peter Schoeffer and the booktrade in Mainz: Evidence for the organization, in Bookbindings and other bibliophily; rebacked and repaired with sheepskin (19th cent.?); printed waste used as pastedowns, identified as recto of leaf [35] (back pastedown) and recto of leaf [36] (front pastedown) of Gregory IX's Decretales printed in Strasbourg by H. Eggestein in 1470-1472.</marc:subfield></marc:datafield><marc:datafield tag="590" ind1=" " ind2=" "><marc:subfield code="a">Gift of Mrs. H. Dunscombe Colt--1982.</marc:subfield></marc:datafield><marc:datafield tag="650" ind1=" " ind2="0"><marc:subfield code="a">Roman law.</marc:subfield></marc:datafield><marc:datafield tag="655" ind1=" " ind2="7"><marc:subfield code="a">Illuminations.</marc:subfield><marc:subfield code="2">gmgpc</marc:subfield></marc:datafield><marc:datafield tag="655" ind1=" " ind2="7"><marc:subfield code="a">Annotations (Provenance)</marc:subfield><marc:subfield code="2">rbprov</marc:subfield></marc:datafield><marc:datafield tag="655" ind1=" " ind2="7"><marc:subfield code="a">Calf bindings (Binding)</marc:subfield><marc:subfield code="z">Germany</marc:subfield><marc:subfield code="z">Mainz</marc:subfield><marc:subfield code="y">15th century.</marc:subfield><marc:subfield code="2">rbbin</marc:subfield></marc:datafield><marc:datafield tag="655" ind1=" " ind2="7"><marc:subfield code="a">Printed waste (Binding)</marc:subfield><marc:subfield code="2">rbbin</marc:subfield></marc:datafield><marc:datafield tag="730" ind1="0" ind2=" "><marc:subfield code="a">Institutiones.</marc:subfield></marc:datafield><marc:datafield tag="710" ind1="2" ind2=" "><marc:subfield code="a">Peter Schoeffer bindery,</marc:subfield><marc:subfield code="e">binder.</marc:subfield><marc:subfield code="5">DFo</marc:subfield></marc:datafield><marc:datafield tag="700" ind1="1" ind2=" "><marc:subfield code="a">Knoblauch, Adolf,</marc:subfield><marc:subfield code="d">fl. 1506,</marc:subfield><marc:subfield code="e">former owner.</marc:subfield></marc:datafield><marc:datafield tag="710" ind1="1" ind2=" "><marc:subfield code="a">Meiningen (Germany).</marc:subfield><marc:subfield code="b">Herzogliche Öffentliche Bibliothek,</marc:subfield><marc:subfield code="e">former owner.</marc:subfield></marc:datafield><marc:datafield tag="700" ind1="1" ind2=" "><marc:subfield code="a">Colt, Harris Dunscombe,</marc:subfield><marc:subfield code="e">former owner.</marc:subfield><marc:subfield code="5">DFo</marc:subfield></marc:datafield><marc:datafield tag="700" ind1="1" ind2=" "><marc:subfield code="a">Colt, Armida Maria-Theresa,</marc:subfield><marc:subfield code="e">former owner.</marc:subfield><marc:subfield code="5">DFo</marc:subfield></marc:datafield><marc:datafield tag="700" ind1="1" ind2=" "><marc:subfield code="a">Wenssler, Michael,</marc:subfield><marc:subfield code="d">fl. 1472-1497,</marc:subfield><marc:subfield code="e">printer.</marc:subfield></marc:datafield><marc:datafield tag="752" ind1="1" ind2="0"><marc:subfield code="d">Basel.</marc:subfield></marc:datafield><marc:datafield tag="852" ind1="8" ind2=" "><marc:subfield code="x">rev. knt 201205</marc:subfield></marc:datafield><marc:datafield tag="856" ind1="4" ind2="1"><marc:subfield code="u">http://luna.folger.edu/luna/servlet/s/i5n3k3</marc:subfield><marc:subfield code="z">Binding images and description for Folger Shakespeare Library INC J467</marc:subfield></marc:datafield><marc:datafield tag="950" ind1=" " ind2=" "><marc:subfield code="l">RARE</marc:subfield><marc:subfield code="h">03/21/95 C</marc:subfield></marc:datafield><marc:datafield tag="998" ind1=" " ind2=" "><marc:subfield code="a">03/18/96</marc:subfield><marc:subfield code="t">c</marc:subfield><marc:subfield code="s">9114</marc:subfield><marc:subfield code="n">DFo</marc:subfield><marc:subfield code="w">DCFG95B811</marc:subfield><marc:subfield code="d">03/07/95</marc:subfield><marc:subfield code="c">ML</marc:subfield><marc:subfield code="b">ML</marc:subfield><marc:subfield code="l">DCFG</marc:subfield></marc:datafield></marc:record>