
<marc:record><marc:leader>01930cam a2200433 a 4500</marc:leader>
<marc:controlfield tag="001">90283</marc:controlfield>
<marc:controlfield tag="005">20110119170024.0</marc:controlfield><marc:controlfield tag="008">950504s1478    it            001 0 lat d</marc:controlfield><marc:datafield tag="035" ind1=" " ind2=" "><marc:subfield code="9">DCFG95-B1362</marc:subfield></marc:datafield><marc:datafield tag="040" ind1=" " ind2=" "><marc:subfield code="a">DFo</marc:subfield><marc:subfield code="c">DFo</marc:subfield><marc:subfield code="e">dcrb</marc:subfield><marc:subfield code="d">UtOrBLW</marc:subfield></marc:datafield><marc:datafield tag="090" ind1=" " ind2=" "><marc:subfield code="b">INC M205</marc:subfield><marc:subfield code="f">cs659</marc:subfield><marc:subfield code="t">6̃30</marc:subfield><marc:subfield code="t">7̃55</marc:subfield><marc:subfield code="i">05/22/95 C</marc:subfield></marc:datafield><marc:datafield tag="100" ind1="1" ind2=" "><marc:subfield code="a">Marchesinus, Johannes.</marc:subfield></marc:datafield><marc:datafield tag="240" ind1="1" ind2="0"><marc:subfield code="a">Mammotrectus super Bibliam</marc:subfield></marc:datafield><marc:datafield tag="245" ind1="1" ind2="0"><marc:subfield code="a">Prologus autoris i[n] Mamotrectu[m].</marc:subfield></marc:datafield><marc:datafield tag="260" ind1=" " ind2=" "><marc:subfield code="a">Imp[re]sse Venetijs :</marc:subfield><marc:subfield code="b">P[er] Franciscum de Hailbrun [et] Petru[m] de Bartua socios,</marc:subfield><marc:subfield code="c">1478.</marc:subfield></marc:datafield><marc:datafield tag="300" ind1=" " ind2=" "><marc:subfield code="a">[520] p. (the first [2] p. blank) ;</marc:subfield><marc:subfield code="c">24 cm. (4to)</marc:subfield></marc:datafield><marc:datafield tag="500" ind1=" " ind2=" "><marc:subfield code="a">Title from incipit of prologue (leaf a1r).</marc:subfield></marc:datafield><marc:datafield tag="590" ind1=" " ind2=" "><marc:subfield code="a">Imprint from colophon (leaf 7 9v).</marc:subfield></marc:datafield><marc:datafield tag="500" ind1=" " ind2=" "><marc:subfield code="a">Signatures: A¹⁰, B-C⁸, a-y⁸, 1-6⁸, 7¹⁰.</marc:subfield></marc:datafield><marc:datafield tag="500" ind1=" " ind2=" "><marc:subfield code="a">Printed in 2 columns.</marc:subfield></marc:datafield><marc:datafield tag="500" ind1=" " ind2=" "><marc:subfield code="a">Capital spaces.</marc:subfield></marc:datafield><marc:datafield tag="510" ind1="4" ind2=" "><marc:subfield code="a">Goff</marc:subfield><marc:subfield code="c">M-238.</marc:subfield></marc:datafield><marc:datafield tag="510" ind1="4" ind2=" "><marc:subfield code="a">BM 15th cent.,</marc:subfield><marc:subfield code="c">V, p. 194 (IA.19861).</marc:subfield></marc:datafield><marc:datafield tag="510" ind1="4" ind2=" "><marc:subfield code="a">Hain</marc:subfield><marc:subfield code="c">10558*.</marc:subfield></marc:datafield><marc:datafield tag="500" ind1=" " ind2=" "><marc:subfield code="a">Includes index of vocabulary.</marc:subfield></marc:datafield><marc:datafield tag="590" ind1=" " ind2=" "><marc:subfield code="a">Folger copy: leaves A1 (blank) and h8, lacking.</marc:subfield></marc:datafield><marc:datafield tag="590" ind1=" " ind2=" "><marc:subfield code="a">Some initials sketched in pencil or ink.</marc:subfield></marc:datafield><marc:datafield tag="590" ind1=" " ind2=" "><marc:subfield code="a">Oval bookstamp on front flyleaf &quot;Fs. Theremin Pasteur&quot;; booklabel &quot;From the collection of E. P. Jacobsen&quot;.</marc:subfield></marc:datafield><marc:datafield tag="590" ind1=" " ind2=" "><marc:subfield code="a">Blind tooled sheepskin on beech boards, with double border; remains of a clasp on fore-edge, and evidence of 2 others on top and lower edge; manuscript fragments used as guards in some of the gatherings.</marc:subfield></marc:datafield><marc:datafield tag="630" ind1="0" ind2="0"><marc:subfield code="a">Bible</marc:subfield><marc:subfield code="v">Dictionaries.</marc:subfield></marc:datafield><marc:datafield tag="655" ind1=" " ind2="7"><marc:subfield code="a">Manuscript waste (Binding)</marc:subfield><marc:subfield code="2">rbbin</marc:subfield></marc:datafield><marc:datafield tag="655" ind1=" " ind2="7"><marc:subfield code="a">Sheepskin bindings (Binding)</marc:subfield><marc:subfield code="2">rbbin</marc:subfield></marc:datafield><marc:datafield tag="700" ind1="1" ind2=" "><marc:subfield code="a">Theremin, Franz,</marc:subfield><marc:subfield code="d">1780-1846,</marc:subfield><marc:subfield code="e">former owner.</marc:subfield></marc:datafield><marc:datafield tag="700" ind1="1" ind2=" "><marc:subfield code="a">Jacobsen, E. P.,</marc:subfield><marc:subfield code="e">former owner.</marc:subfield></marc:datafield><marc:datafield tag="700" ind1="1" ind2=" "><marc:subfield code="a">Renner, Franz,</marc:subfield><marc:subfield code="d">fl. 1471-1483,</marc:subfield><marc:subfield code="e">printer.</marc:subfield></marc:datafield><marc:datafield tag="700" ind1="1" ind2=" "><marc:subfield code="a">Bartua, Pietro da,</marc:subfield><marc:subfield code="d">fl. 1477-1479,</marc:subfield><marc:subfield code="e">printer.</marc:subfield></marc:datafield><marc:datafield tag="752" ind1="1" ind2="0"><marc:subfield code="d">Venice.</marc:subfield></marc:datafield><marc:datafield tag="950" ind1=" " ind2=" "><marc:subfield code="l">RARE</marc:subfield><marc:subfield code="i">05/22/95 C</marc:subfield></marc:datafield><marc:datafield tag="998" ind1=" " ind2=" "><marc:subfield code="a">05/22/95</marc:subfield><marc:subfield code="t">c</marc:subfield><marc:subfield code="s">9114</marc:subfield><marc:subfield code="n">DFo</marc:subfield><marc:subfield code="w">DCFG95B1362</marc:subfield><marc:subfield code="d">05/04/95</marc:subfield><marc:subfield code="c">ML</marc:subfield><marc:subfield code="b">MT</marc:subfield><marc:subfield code="l">DCFG</marc:subfield></marc:datafield></marc:record>