
<marc:record><marc:leader>02153cam a2200445 a 4500</marc:leader>
<marc:controlfield tag="001">90586</marc:controlfield>
<marc:controlfield tag="005">20110119170039.0</marc:controlfield><marc:controlfield tag="008">960117s1495    it            000 0 ita d</marc:controlfield><marc:datafield tag="010" ind1=" " ind2=" "><marc:subfield code="a">   48032622 </marc:subfield></marc:datafield><marc:datafield tag="035" ind1=" " ind2=" "><marc:subfield code="9">DCFG96-B24</marc:subfield></marc:datafield><marc:datafield tag="035" ind1=" " ind2=" "><marc:subfield code="a">90586</marc:subfield></marc:datafield><marc:datafield tag="040" ind1=" " ind2=" "><marc:subfield code="a">UPB</marc:subfield><marc:subfield code="c">UPB</marc:subfield><marc:subfield code="e">bdrb</marc:subfield><marc:subfield code="d">DFo</marc:subfield><marc:subfield code="d">UtOrBLW</marc:subfield></marc:datafield><marc:datafield tag="050" ind1="0" ind2="0"><marc:subfield code="a">Incun.1495</marc:subfield><marc:subfield code="b">.S35</marc:subfield></marc:datafield><marc:datafield tag="090" ind1=" " ind2=" "><marc:subfield code="b">INC S167</marc:subfield><marc:subfield code="f">165361</marc:subfield><marc:subfield code="t">6̃00</marc:subfield><marc:subfield code="t">6̃50</marc:subfield><marc:subfield code="i">04/23/96 C</marc:subfield></marc:datafield><marc:datafield tag="100" ind1="1" ind2=" "><marc:subfield code="a">Savonarola, Girolamo,</marc:subfield><marc:subfield code="d">1452-1498.</marc:subfield></marc:datafield><marc:datafield tag="240" ind1="1" ind2="0"><marc:subfield code="a">Compendio di revelatione</marc:subfield></marc:datafield><marc:datafield tag="245" ind1="1" ind2="0"><marc:subfield code="a">Compendio di reuelatione dello inutile seruo di Iesu Christo Frate Hieronymo da Ferrara dello ordine de Frati Predicatori.</marc:subfield></marc:datafield><marc:datafield tag="260" ind1=" " ind2=" "><marc:subfield code="a">Imp[re]sso i[n] Firenze :</marc:subfield><marc:subfield code="b">P[er] ser Fra[n]cescho Buonaccorsi,</marc:subfield><marc:subfield code="c">nel 1495, a di xviii. di agosto.</marc:subfield></marc:datafield><marc:datafield tag="300" ind1=" " ind2=" "><marc:subfield code="a">[108] p. ;</marc:subfield><marc:subfield code="c">20 cm. (4to)</marc:subfield></marc:datafield><marc:datafield tag="500" ind1=" " ind2=" "><marc:subfield code="a">Signatures: a-d⁸, e-g⁶, h⁴ (c3 signed c1, e2 signed e1)..</marc:subfield></marc:datafield><marc:datafield tag="500" ind1=" " ind2=" "><marc:subfield code="a">Edition known in three states: (a) 32 lines on F.1a; (b) 33 lines on F.1a; (c) 33 lines on F.1a, dated 1485.</marc:subfield></marc:datafield><marc:datafield tag="500" ind1=" " ind2=" "><marc:subfield code="a">A full page copper engraving of the triple crown of the Virgin as described on 32b is found in some copies as an added leaf.</marc:subfield></marc:datafield><marc:datafield tag="590" ind1=" " ind2=" "><marc:subfield code="a">Folger copy: variant a (32 lines on leaf 1a), without the copperplate .</marc:subfield></marc:datafield><marc:datafield tag="500" ind1=" " ind2=" "><marc:subfield code="a">Capital spaces on leaves a1r and b2v.</marc:subfield></marc:datafield><marc:datafield tag="510" ind1="4" ind2=" "><marc:subfield code="a">Goff</marc:subfield><marc:subfield code="c">S-179.</marc:subfield></marc:datafield><marc:datafield tag="510" ind1="4" ind2=" "><marc:subfield code="a">BM 15th cent.,</marc:subfield><marc:subfield code="c">VI, p.674 (IA.27625).</marc:subfield></marc:datafield><marc:datafield tag="510" ind1="4" ind2=" "><marc:subfield code="a">Hain-Copinger (and additions)</marc:subfield><marc:subfield code="c">14334.</marc:subfield></marc:datafield><marc:datafield tag="590" ind1=" " ind2=" "><marc:subfield code="a">Folger copy: initial provided in brown ink in capital space on leaf a1r; inscription in brown ink at foot of same p.: no. 204.</marc:subfield></marc:datafield><marc:datafield tag="590" ind1=" " ind2=" "><marc:subfield code="a">In a quarter calf leather binding with marbled paper sides; gilt edges.</marc:subfield></marc:datafield><marc:datafield tag="590" ind1=" " ind2=" "><marc:subfield code="a">Purchased in 1958.</marc:subfield></marc:datafield><marc:datafield tag="600" ind1="1" ind2="0"><marc:subfield code="a">Savonarola, Girolamo,</marc:subfield><marc:subfield code="d">1452-1498.</marc:subfield></marc:datafield><marc:datafield tag="650" ind1=" " ind2="0"><marc:subfield code="a">Private revelations</marc:subfield><marc:subfield code="v">Early works to 1800.</marc:subfield></marc:datafield><marc:datafield tag="651" ind1=" " ind2="0"><marc:subfield code="a">Florence (Italy)</marc:subfield><marc:subfield code="x">History</marc:subfield><marc:subfield code="x">Prophecies.</marc:subfield></marc:datafield><marc:datafield tag="650" ind1=" " ind2="0"><marc:subfield code="a">Prophecy</marc:subfield><marc:subfield code="x">Christianity</marc:subfield><marc:subfield code="v">Early works to 1800.</marc:subfield></marc:datafield><marc:datafield tag="650" ind1=" " ind2="0"><marc:subfield code="a">Apocalyptic literature</marc:subfield><marc:subfield code="v">Early works to 1800.</marc:subfield></marc:datafield><marc:datafield tag="650" ind1=" " ind2="0"><marc:subfield code="a">Church renewal</marc:subfield><marc:subfield code="v">Early works to 1800.</marc:subfield></marc:datafield><marc:datafield tag="700" ind1="1" ind2=" "><marc:subfield code="a">Buonaccorsi, Francesco,</marc:subfield><marc:subfield code="d">fl. 1485-1497,</marc:subfield><marc:subfield code="e">printer.</marc:subfield></marc:datafield><marc:datafield tag="752" ind1="1" ind2="0"><marc:subfield code="d">Florence.</marc:subfield></marc:datafield><marc:datafield tag="950" ind1=" " ind2=" "><marc:subfield code="l">RARE</marc:subfield><marc:subfield code="i">04/23/96 C</marc:subfield></marc:datafield><marc:datafield tag="998" ind1=" " ind2=" "><marc:subfield code="a">04/23/96</marc:subfield><marc:subfield code="t">c</marc:subfield><marc:subfield code="s">9118</marc:subfield><marc:subfield code="n">DFo</marc:subfield><marc:subfield code="w">DCFG96B24</marc:subfield><marc:subfield code="d">01/17/96</marc:subfield><marc:subfield code="c">ML</marc:subfield><marc:subfield code="b">ML</marc:subfield><marc:subfield code="l">DCFG</marc:subfield></marc:datafield></marc:record>