
<marc:record><marc:leader>02350cam a2200421 a 4500</marc:leader>
<marc:controlfield tag="001">90274</marc:controlfield>
<marc:controlfield tag="005">20120822115912.0</marc:controlfield><marc:controlfield tag="008">950417s1489    fr            000 0 lat d</marc:controlfield><marc:datafield tag="035" ind1=" " ind2=" "><marc:subfield code="9">DCFG95-B1187</marc:subfield></marc:datafield><marc:datafield tag="040" ind1=" " ind2=" "><marc:subfield code="a">DFo</marc:subfield><marc:subfield code="c">DFo</marc:subfield><marc:subfield code="e">dcrb</marc:subfield><marc:subfield code="d">UtOrBLW</marc:subfield></marc:datafield><marc:datafield tag="090" ind1=" " ind2=" "><marc:subfield code="b">INC M26</marc:subfield><marc:subfield code="f">cs848</marc:subfield><marc:subfield code="t">6̃50</marc:subfield><marc:subfield code="t">7̃40</marc:subfield><marc:subfield code="t">7̃55</marc:subfield><marc:subfield code="i">04/27/95 C</marc:subfield></marc:datafield><marc:datafield tag="100" ind1="1" ind2=" "><marc:subfield code="a">Magistris, Martinus de,</marc:subfield><marc:subfield code="d">1432-1482.</marc:subfield></marc:datafield><marc:datafield tag="240" ind1="1" ind2="0"><marc:subfield code="a">Quaestiones morales.</marc:subfield><marc:subfield code="n">Pars 1</marc:subfield></marc:datafield><marc:datafield tag="245" ind1="1" ind2="0"><marc:subfield code="a">Questiones morales magistri Martini Magistri perspicacissimi theologie professoris, de fortitudine feliciter incipiunt.</marc:subfield></marc:datafield><marc:datafield tag="260" ind1=" " ind2=" "><marc:subfield code="a">Imp[re]ssu[m] est ... in celeberrima vrbe Parisien[si] ... :</marc:subfield><marc:subfield code="b">Per Vuolffga[n]gu[m] Hopyl Alman[um],</marc:subfield><marc:subfield code="c">anno D[omi]ni 1489 die p[ri]ma Decembris.</marc:subfield></marc:datafield><marc:datafield tag="300" ind1=" " ind2=" "><marc:subfield code="a">CXLVI leaves ;</marc:subfield><marc:subfield code="c">29 cm. (fol.)</marc:subfield></marc:datafield><marc:datafield tag="590" ind1=" " ind2=" "><marc:subfield code="a">This copy without the index described by Polain.</marc:subfield></marc:datafield><marc:datafield tag="500" ind1=" " ind2=" "><marc:subfield code="a">Edited by Aegidius Delphus.</marc:subfield></marc:datafield><marc:datafield tag="500" ind1=" " ind2=" "><marc:subfield code="a">Imprint from colophon (leaf z6r).</marc:subfield></marc:datafield><marc:datafield tag="500" ind1=" " ind2=" "><marc:subfield code="a">Signatures: a-d⁸, e-z⁶.</marc:subfield></marc:datafield><marc:datafield tag="500" ind1=" " ind2=" "><marc:subfield code="a">Printed in 2 columns.</marc:subfield></marc:datafield><marc:datafield tag="500" ind1=" " ind2=" "><marc:subfield code="a">Capital spaces with guide letters.</marc:subfield></marc:datafield><marc:datafield tag="510" ind1="4" ind2=" "><marc:subfield code="a">Goff</marc:subfield><marc:subfield code="c">M-23.</marc:subfield></marc:datafield><marc:datafield tag="510" ind1="4" ind2=" "><marc:subfield code="a">BM 15th cent.,</marc:subfield><marc:subfield code="c">VIII, p. 132 (IB.40112).</marc:subfield></marc:datafield><marc:datafield tag="510" ind1="4" ind2=" "><marc:subfield code="a">Polain</marc:subfield><marc:subfield code="c">2558.</marc:subfield></marc:datafield><marc:datafield tag="590" ind1=" " ind2=" "><marc:subfield code="a">Folger copy lacks leaves a1, with title (description provided from BM 15th cent. copy), and l1; worm holes in many gatherings, slightly affecting text.</marc:subfield></marc:datafield><marc:datafield tag="590" ind1=" " ind2=" "><marc:subfield code="a">Initials in red paint throughout with a few paragraph marks.</marc:subfield></marc:datafield><marc:datafield tag="590" ind1=" " ind2=" "><marc:subfield code="a">Sheepskin binding (possibly French?), blind tooled with dragon spiral roll in borders and dragon lozenge stamps in central panels (cf. Oldham, J.B. English blind-stamped bindings, roll FC.b (2) 623, with lozenge stamp 1044: London. 1519); beech and oak wooden boards reused from another binding; remains of 2 clasps catching on back cover; title inscription on fore-edge reading from lower- to top edge; remains of a circular paper booklabel on front cover.</marc:subfield></marc:datafield><marc:datafield tag="590" ind1=" " ind2=" "><marc:subfield code="a">Purchased in 1917.</marc:subfield></marc:datafield><marc:datafield tag="650" ind1=" " ind2="0"><marc:subfield code="a">Christian ethics.</marc:subfield></marc:datafield><marc:datafield tag="655" ind1=" " ind2="7"><marc:subfield code="a">Sheepskin bindings (Binding)</marc:subfield><marc:subfield code="2">rbbin</marc:subfield></marc:datafield><marc:datafield tag="700" ind1="0" ind2=" "><marc:subfield code="a">Aegidius Delphus.</marc:subfield></marc:datafield><marc:datafield tag="740" ind1="0" ind2=" "><marc:subfield code="a">Qvestiones morales ... de fortitvdine.</marc:subfield></marc:datafield><marc:datafield tag="700" ind1="1" ind2=" "><marc:subfield code="a">Hopyl, Wolfgang,</marc:subfield><marc:subfield code="d">d. 1522,</marc:subfield><marc:subfield code="e">printer.</marc:subfield></marc:datafield><marc:datafield tag="752" ind1="1" ind2="0"><marc:subfield code="d">Paris.</marc:subfield></marc:datafield><marc:datafield tag="856" ind1="4" ind2="1"><marc:subfield code="u">http://luna.folger.edu/luna/servlet/s/4x4etm</marc:subfield><marc:subfield code="z">Binding images and description for Folger Shakespeare Library INC M26</marc:subfield></marc:datafield><marc:datafield tag="950" ind1=" " ind2=" "><marc:subfield code="l">RARE</marc:subfield><marc:subfield code="i">04/27/95 C</marc:subfield></marc:datafield><marc:datafield tag="998" ind1=" " ind2=" "><marc:subfield code="a">04/27/95</marc:subfield><marc:subfield code="t">c</marc:subfield><marc:subfield code="s">9114</marc:subfield><marc:subfield code="n">DFo</marc:subfield><marc:subfield code="w">DCFG95B1187</marc:subfield><marc:subfield code="d">04/17/95</marc:subfield><marc:subfield code="c">ML</marc:subfield><marc:subfield code="b">MT</marc:subfield><marc:subfield code="l">DCFG</marc:subfield></marc:datafield></marc:record>