
<marc:record><marc:leader>03264cam a2200457 a 4500</marc:leader>
<marc:controlfield tag="001">90317</marc:controlfield>
<marc:controlfield tag="005">20120822120821.0</marc:controlfield><marc:controlfield tag="008">950720s1483    fr            001 0 lat d</marc:controlfield><marc:datafield tag="035" ind1=" " ind2=" "><marc:subfield code="9">DCFG95-B1818</marc:subfield></marc:datafield><marc:datafield tag="040" ind1=" " ind2=" "><marc:subfield code="a">DFo</marc:subfield><marc:subfield code="c">DFo</marc:subfield><marc:subfield code="e">dcrb</marc:subfield><marc:subfield code="d">UtOrBLW</marc:subfield></marc:datafield><marc:datafield tag="090" ind1=" " ind2=" "><marc:subfield code="b">INC N188</marc:subfield><marc:subfield code="f">cs1967</marc:subfield><marc:subfield code="t">7̃55</marc:subfield><marc:subfield code="t">7̃97-1</marc:subfield><marc:subfield code="i">07/28/95 C</marc:subfield></marc:datafield><marc:datafield tag="100" ind1="1" ind2=" "><marc:subfield code="a">Nider, Johannes,</marc:subfield><marc:subfield code="d">ca. 1380-1438.</marc:subfield></marc:datafield><marc:datafield tag="240" ind1="1" ind2="0"><marc:subfield code="a">Praeceptorium divinae legis</marc:subfield></marc:datafield><marc:datafield tag="245" ind1="1" ind2="0"><marc:subfield code="a">Preceptorium Iohannis Nider.</marc:subfield></marc:datafield><marc:datafield tag="260" ind1=" " ind2=" "><marc:subfield code="a">Imp[re]ssum Argentine :</marc:subfield><marc:subfield code="b">[Georg Husner],</marc:subfield><marc:subfield code="c">anno D[omi]ni, 1483.</marc:subfield></marc:datafield><marc:datafield tag="300" ind1=" " ind2=" "><marc:subfield code="a">[388] p. ;</marc:subfield><marc:subfield code="c">31 cm. (fol.)</marc:subfield></marc:datafield><marc:datafield tag="500" ind1=" " ind2=" "><marc:subfield code="a">Imprint from colophon (leaf [B]8r); publisher statement from Goff, who gives it as: [Printer of the 1483 Jordanus de Quedlinburg (Georg Husner)].</marc:subfield></marc:datafield><marc:datafield tag="500" ind1=" " ind2=" "><marc:subfield code="a">Signatures: [a]¹⁰, [b-i]⁸, [k]⁶, [l-p]⁸, [q]⁶, [r-s]⁸, [t]⁶, [v-x]⁸, [y]⁶, [z]⁸, [A-B]⁸.</marc:subfield></marc:datafield><marc:datafield tag="500" ind1=" " ind2=" "><marc:subfield code="a">Printed in 2 columns.</marc:subfield></marc:datafield><marc:datafield tag="500" ind1=" " ind2=" "><marc:subfield code="a">Capital spaces with guide letters.</marc:subfield></marc:datafield><marc:datafield tag="510" ind1="4" ind2=" "><marc:subfield code="a">Goff</marc:subfield><marc:subfield code="c">N-212.</marc:subfield></marc:datafield><marc:datafield tag="510" ind1="4" ind2=" "><marc:subfield code="a">BM 15th cent.,</marc:subfield><marc:subfield code="c">I, p. 131 (IB.1806).</marc:subfield></marc:datafield><marc:datafield tag="510" ind1="4" ind2=" "><marc:subfield code="a">Hain</marc:subfield><marc:subfield code="c">11795*.</marc:subfield></marc:datafield><marc:datafield tag="500" ind1=" " ind2=" "><marc:subfield code="a">Includes index.</marc:subfield></marc:datafield><marc:datafield tag="585" ind1=" " ind2=" "><marc:subfield code="a">Washington, D.C., Folger Shakespeare Library, 1992. Fine and Historic Bookbindings (catalog entry 10:2)</marc:subfield><marc:subfield code="5">DFo</marc:subfield></marc:datafield><marc:datafield tag="590" ind1=" " ind2=" "><marc:subfield code="a">Folger copy: worm holes in the last gathering, slightly affecting text.</marc:subfield></marc:datafield><marc:datafield tag="590" ind1=" " ind2=" "><marc:subfield code="a">Initials provided in red paint with paragraph marks, capital strokes and some underlining throughout the book.</marc:subfield></marc:datafield><marc:datafield tag="590" ind1=" " ind2=" "><marc:subfield code="a">A few markings, brackets and corrections in text, with signes-de-renvoi, in brown ink; gatherings [a-b] signed by hand &quot;1-2&quot;, gatherings [c-B] signed &quot;a-z&quot;.</marc:subfield></marc:datafield><marc:datafield tag="590" ind1=" " ind2=" "><marc:subfield code="a">Ownership inscription on leaf [a]2r, reading: &quot;Conventus Bambergensis. Ord: Praed:&quot;; another inscription on leaf [c]1r reads: &quot;A22 p[rope?] bamb[er]ge p[ro] p[rae]dicante&quot;; a manuscript note on verso of last leaf, partially illegible from ink stain and wear and tear of paper: &quot;post obitu[m] fr[at]ris Conradj de Molendino oblate[?] ordi. p[rae]di. [...?] [con]uentui Bambergĩ 1486 [...?]&quot;</marc:subfield></marc:datafield><marc:datafield tag="590" ind1=" " ind2=" "><marc:subfield code="a">Contemporary alum tawed pigskin binding over beech boards, blind tooled with quadruple fillet border, rosette, and angular &quot;Kopfstempels&quot;, from the Dominican convent of Bamberg (Kyriss I, p. 10-11; Schwenke-Schunke Rosette 270, etc.); 2 clasps on fore-edge; remains of 2 paper labels on spine and early spine inscriptions; no. &quot;53&quot; pencilled in blue on the lower paper label; early title/author inscription on lower edge reading from back to front cover&quot;; liturgical manuscript fragments used as guards; evidence of other manuscript fragments once pasted on boards. Cf. Fine and historic bookbindings from the Folger Shakespeare Library, 10:2.</marc:subfield></marc:datafield><marc:datafield tag="655" ind1=" " ind2="7"><marc:subfield code="a">Annotations (Provenance)</marc:subfield><marc:subfield code="2">rbprov</marc:subfield></marc:datafield><marc:datafield tag="655" ind1=" " ind2="7"><marc:subfield code="a">Manuscript waste (Binding)</marc:subfield><marc:subfield code="2">rbbin</marc:subfield></marc:datafield><marc:datafield tag="655" ind1=" " ind2="7"><marc:subfield code="a">Pigskin bindings (Binding)</marc:subfield><marc:subfield code="z">Germany</marc:subfield><marc:subfield code="z">Bamberg</marc:subfield><marc:subfield code="y">15th cent.</marc:subfield></marc:datafield><marc:datafield tag="710" ind1="1" ind2=" "><marc:subfield code="a">Bamberg (Germany).</marc:subfield><marc:subfield code="b">Dominicans,</marc:subfield><marc:subfield code="e">binder.</marc:subfield></marc:datafield><marc:datafield tag="710" ind1="1" ind2=" "><marc:subfield code="a">Bamberg (Germany).</marc:subfield><marc:subfield code="b">Dominicans,</marc:subfield><marc:subfield code="e">former owner.</marc:subfield></marc:datafield><marc:datafield tag="700" ind1="1" ind2=" "><marc:subfield code="a">Husner, Georg,</marc:subfield><marc:subfield code="d">d. 1505,</marc:subfield><marc:subfield code="e">printer.</marc:subfield></marc:datafield><marc:datafield tag="752" ind1="1" ind2="0"><marc:subfield code="d">Strasbourg.</marc:subfield></marc:datafield><marc:datafield tag="852" ind1="8" ind2=" "><marc:subfield code="x">rev. knt 201205</marc:subfield></marc:datafield><marc:datafield tag="856" ind1="4" ind2="1"><marc:subfield code="u">http://luna.folger.edu/luna/servlet/s/1j1gbc</marc:subfield><marc:subfield code="z">Binding images and description for Folger Shakespeare Library INC N188</marc:subfield></marc:datafield><marc:datafield tag="950" ind1=" " ind2=" "><marc:subfield code="l">RARE</marc:subfield><marc:subfield code="i">07/28/95 C</marc:subfield></marc:datafield><marc:datafield tag="998" ind1=" " ind2=" "><marc:subfield code="a">07/28/95</marc:subfield><marc:subfield code="t">c</marc:subfield><marc:subfield code="s">9114</marc:subfield><marc:subfield code="n">DFo</marc:subfield><marc:subfield code="w">DCFG95B1818</marc:subfield><marc:subfield code="d">07/20/95</marc:subfield><marc:subfield code="c">ML</marc:subfield><marc:subfield code="b">MT</marc:subfield><marc:subfield code="l">DCFG</marc:subfield></marc:datafield></marc:record>