
<marc:record><marc:leader>03352cam a2200505 a 4500</marc:leader>
<marc:controlfield tag="001">89945</marc:controlfield>
<marc:controlfield tag="005">20120822100230.0</marc:controlfield><marc:controlfield tag="008">940808s1479    sz            000 0 lat d</marc:controlfield><marc:datafield tag="035" ind1=" " ind2=" "><marc:subfield code="9">DCFG94-B2752</marc:subfield></marc:datafield><marc:datafield tag="035" ind1=" " ind2=" "><marc:subfield code="a">89945</marc:subfield></marc:datafield><marc:datafield tag="040" ind1=" " ind2=" "><marc:subfield code="a">DFo</marc:subfield><marc:subfield code="c">DFo</marc:subfield><marc:subfield code="e">dcrb</marc:subfield><marc:subfield code="d">UtOrBLW</marc:subfield></marc:datafield><marc:datafield tag="090" ind1=" " ind2=" "><marc:subfield code="b">INC C180</marc:subfield><marc:subfield code="f">167354</marc:subfield><marc:subfield code="t">6̃50</marc:subfield><marc:subfield code="t">7̃40</marc:subfield><marc:subfield code="t">7̃55</marc:subfield><marc:subfield code="i">08/19/94 C</marc:subfield></marc:datafield><marc:datafield tag="100" ind1="1" ind2=" "><marc:subfield code="a">Carcano, Michael de.</marc:subfield></marc:datafield><marc:datafield tag="240" ind1="1" ind2="0"><marc:subfield code="a">Sermonarium de peccatis per adventum et per duas quadragesimas</marc:subfield></marc:datafield><marc:datafield tag="245" ind1="1" ind2="0"><marc:subfield code="a">Sacri eloquij p[rae]conis celeberrimi Fratris Michaelis Mediolan[ensis] ordi[ni]s mi[n]orum ... Opus p[er]utilissimu[m] p[er] adue[n]tum et q[ua]dragesima[m] de peccato in genere [et] de trib[us] peccatis pri[n]cipalib[us] ...</marc:subfield></marc:datafield><marc:datafield tag="246" ind1="3" ind2="3"><marc:subfield code="a">Opus p[er]utilissimu[m] p[er] adue[n]tum et q[ua]dragesima[m] de peccato in genere [et] de trib[us] peccatis pri[n]cipalib[us] ...</marc:subfield></marc:datafield><marc:datafield tag="260" ind1=" " ind2=" "><marc:subfield code="a">Imp[re]ssum vero Basilee :</marc:subfield><marc:subfield code="b">P[er] Michahele[m] Wenssler artis i[m]p[re]ssorie ingeniosu[m] m[a]g[ist]r[u]m,</marc:subfield><marc:subfield code="c">quarto Kal[enda]s Iunij [29 May] anno 1479 feliciter [con]summatum.</marc:subfield></marc:datafield><marc:datafield tag="300" ind1=" " ind2=" "><marc:subfield code="a">[274] leaves ;</marc:subfield><marc:subfield code="c">42 cm. (fol.)</marc:subfield></marc:datafield><marc:datafield tag="500" ind1=" " ind2=" "><marc:subfield code="a">Title from caption on leaf [a]3r.</marc:subfield></marc:datafield><marc:datafield tag="500" ind1=" " ind2=" "><marc:subfield code="a">In 2 pts.</marc:subfield></marc:datafield><marc:datafield tag="500" ind1=" " ind2=" "><marc:subfield code="a">Imprint from colophon (leaf L9v).</marc:subfield></marc:datafield><marc:datafield tag="500" ind1=" " ind2=" "><marc:subfield code="a">Signatures: [a]¹⁰, [b]⁸, [c-d]¹⁰, [e-f]⁸, [g]⁶, [h-k]¹⁰, [l-m]⁶, [n-q]¹⁰, [r-u]⁸, [A-D]¹⁰/⁸, [E-F]¹⁰, [G-H]⁸, [I]¹⁰, [K]⁸, [L]¹⁰.</marc:subfield></marc:datafield><marc:datafield tag="500" ind1=" " ind2=" "><marc:subfield code="a">Capital spaces.</marc:subfield></marc:datafield><marc:datafield tag="500" ind1=" " ind2=" "><marc:subfield code="a">First and last leaves are blank.</marc:subfield></marc:datafield><marc:datafield tag="500" ind1=" " ind2=" "><marc:subfield code="a">Printed in 2 columns.</marc:subfield></marc:datafield><marc:datafield tag="500" ind1=" " ind2=" "><marc:subfield code="a">Caption title of each pt. printed in red.</marc:subfield></marc:datafield><marc:datafield tag="510" ind1="4" ind2=" "><marc:subfield code="a">Goff</marc:subfield><marc:subfield code="c">C-195.</marc:subfield></marc:datafield><marc:datafield tag="510" ind1="4" ind2=" "><marc:subfield code="a">BM 15th cent.,</marc:subfield><marc:subfield code="c">III, p. 726 (IC.37093).</marc:subfield></marc:datafield><marc:datafield tag="510" ind1="4" ind2=" "><marc:subfield code="a">GW</marc:subfield><marc:subfield code="c">6130.</marc:subfield></marc:datafield><marc:datafield tag="590" ind1=" " ind2=" "><marc:subfield code="a">Folger copy lacks all leaves after leaf [L]1 (description of colophon from BM 15th cent.); coating over printed area on most leaves.</marc:subfield></marc:datafield><marc:datafield tag="590" ind1=" " ind2=" "><marc:subfield code="a">All initials provided in red paint; paragraph marks, capital strokes and underlining of titles regularly provided in same paint in inner column of each page only.</marc:subfield></marc:datafield><marc:datafield tag="590" ind1=" " ind2=" "><marc:subfield code="a">Scarce manuscript notes in brown ink with a few fists and brackets; manuscript numbering of leaves starting on leaf [a]3, reading 1-262 (number 114 repeated in foliation); columns of each leaf are labelled a-d; manuscript index of some sermons on leaf [a]1r reflecting this numbering (and including references to leaves now lacking at end); also a paper manuscript fragment used as a bookmark.</marc:subfield></marc:datafield><marc:datafield tag="590" ind1=" " ind2=" "><marc:subfield code="a">Ownership inscription on leaf [a]3r &quot;Templi Lüttoniensis S. Marci&quot;; purchased in 1958.</marc:subfield></marc:datafield><marc:datafield tag="590" ind1=" " ind2=" "><marc:subfield code="a">Early pink alum tawed sheepskin binding on wooden boards, with blind tooled saltire on both covers; evidence of clasps catching on front cover; fragments of manuscript on paper bearing wordlists used as pastedowns; vellum manuscript fragments used as spine reinforcements.</marc:subfield></marc:datafield><marc:datafield tag="650" ind1=" " ind2="0"><marc:subfield code="a">Church year sermons.</marc:subfield></marc:datafield><marc:datafield tag="650" ind1=" " ind2="0"><marc:subfield code="a">Sin</marc:subfield><marc:subfield code="v">Sermons.</marc:subfield></marc:datafield><marc:datafield tag="650" ind1=" " ind2="0"><marc:subfield code="a">Sermons.</marc:subfield></marc:datafield><marc:datafield tag="655" ind1=" " ind2="7"><marc:subfield code="a">Sheepskin bindings (Binding)</marc:subfield><marc:subfield code="2">rbbin</marc:subfield></marc:datafield><marc:datafield tag="655" ind1=" " ind2="7"><marc:subfield code="a">Manuscript waste (Binding)</marc:subfield><marc:subfield code="2">rbbin</marc:subfield></marc:datafield><marc:datafield tag="710" ind1="2" ind2=" "><marc:subfield code="a">Lutton (England).</marc:subfield><marc:subfield code="b">Templum Sancti Marci,</marc:subfield><marc:subfield code="e">former owner.</marc:subfield></marc:datafield><marc:datafield tag="700" ind1="1" ind2=" "><marc:subfield code="a">Wenssler, Michael,</marc:subfield><marc:subfield code="d">fl. 1472-1497,</marc:subfield><marc:subfield code="e">printer.</marc:subfield></marc:datafield><marc:datafield tag="752" ind1="1" ind2="0"><marc:subfield code="d">Basel.</marc:subfield></marc:datafield><marc:datafield tag="856" ind1="4" ind2="1"><marc:subfield code="u">http://luna.folger.edu/luna/servlet/s/5ducko</marc:subfield><marc:subfield code="z">Binding images and description for Folger Shakespeare Library INC C180</marc:subfield></marc:datafield><marc:datafield tag="950" ind1=" " ind2=" "><marc:subfield code="l">RARE</marc:subfield><marc:subfield code="i">08/19/94 C</marc:subfield></marc:datafield><marc:datafield tag="998" ind1=" " ind2=" "><marc:subfield code="a">08/19/94</marc:subfield><marc:subfield code="t">c</marc:subfield><marc:subfield code="s">9114</marc:subfield><marc:subfield code="n">DFo</marc:subfield><marc:subfield code="w">DCFG94B2752</marc:subfield><marc:subfield code="d">08/08/94</marc:subfield><marc:subfield code="c">ML</marc:subfield><marc:subfield code="b">MT</marc:subfield><marc:subfield code="l">DCFG</marc:subfield></marc:datafield></marc:record>