
<marc:record><marc:leader>02758cam a2200565   4500</marc:leader>
<marc:controlfield tag="001">163258</marc:controlfield>
<marc:controlfield tag="005">20110119173404.0</marc:controlfield><marc:controlfield tag="008">910911s1486    enk||||       00| ||lat d</marc:controlfield><marc:datafield tag="035" ind1=" " ind2=" "><marc:subfield code="9">ESTCS109218</marc:subfield></marc:datafield><marc:datafield tag="035" ind1=" " ind2=" "><marc:subfield code="a">163258</marc:subfield></marc:datafield><marc:datafield tag="040" ind1=" " ind2=" "><marc:subfield code="a">Cu-RivES</marc:subfield><marc:subfield code="c">Cu-RivES</marc:subfield><marc:subfield code="d">CStRLIN</marc:subfield><marc:subfield code="d">Cu-RivES</marc:subfield><marc:subfield code="e">dcrb</marc:subfield><marc:subfield code="d">UtOrBLW</marc:subfield></marc:datafield><marc:datafield tag="090" ind1=" " ind2=" "><marc:subfield code="i">10/01/97 T</marc:subfield><marc:subfield code="h">09/26/97 T</marc:subfield><marc:subfield code="h">09/25/97 T</marc:subfield><marc:subfield code="h">09/16/97 T</marc:subfield></marc:datafield><marc:datafield tag="130" ind1="0" ind2=" "><marc:subfield code="a">Speculum Christiani.</marc:subfield></marc:datafield><marc:datafield tag="245" ind1="1" ind2="0"><marc:subfield code="a">Incipit liber qui vocatur Speculum Xpristiani [sic].</marc:subfield></marc:datafield><marc:datafield tag="246" ind1="3" ind2=" "><marc:subfield code="a">Incipit liber qui vocatur Speculum Christiani</marc:subfield></marc:datafield><marc:datafield tag="246" ind1="3" ind2=" "><marc:subfield code="a">Incipit liber qui vocatur Speculum Xristiani</marc:subfield></marc:datafield><marc:datafield tag="246" ind1="3" ind2=" "><marc:subfield code="a">Oracio eius ante deum</marc:subfield></marc:datafield><marc:datafield tag="246" ind1="3" ind2=" "><marc:subfield code="a">Sequitur exposicio oracionis dominice</marc:subfield></marc:datafield><marc:datafield tag="260" ind1=" " ind2=" "><marc:subfield code="a">Imp[re]ssus est i[n] opulentissima ciuitate Londonia[rum] :</marc:subfield><marc:subfield code="b">P[er] me Willelmu[m] de Machlinia ad instanciam necnon expensas Henrici Vrankenbergh mercatoris,</marc:subfield><marc:subfield code="c">[1486?]</marc:subfield></marc:datafield><marc:datafield tag="300" ind1=" " ind2=" "><marc:subfield code="a">[236] p. ;</marc:subfield><marc:subfield code="c">18 cm. (4to)</marc:subfield></marc:datafield><marc:datafield tag="500" ind1=" " ind2=" "><marc:subfield code="a">Sometimes attributed to John Watton or Wotton.</marc:subfield></marc:datafield><marc:datafield tag="500" ind1=" " ind2=" "><marc:subfield code="a">Mostly in Latin, with some English verse and prose.</marc:subfield></marc:datafield><marc:datafield tag="500" ind1=" " ind2=" "><marc:subfield code="a">Caption title, [A]2r.</marc:subfield></marc:datafield><marc:datafield tag="500" ind1=" " ind2=" "><marc:subfield code="a">Imprint from colophon.</marc:subfield></marc:datafield><marc:datafield tag="500" ind1=" " ind2=" "><marc:subfield code="a">Publication date conjectured by STC.</marc:subfield></marc:datafield><marc:datafield tag="500" ind1=" " ind2=" "><marc:subfield code="a">Signatures: [A-L⁸ M⁶ N⁴ O⁸ P-Q⁶].</marc:subfield></marc:datafield><marc:datafield tag="500" ind1=" " ind2=" "><marc:subfield code="a">The first and final leaves are blank.</marc:subfield></marc:datafield><marc:datafield tag="500" ind1=" " ind2=" "><marc:subfield code="a">[A]3r text begins: oracio eius ante deum ..</marc:subfield></marc:datafield><marc:datafield tag="500" ind1=" " ind2=" "><marc:subfield code="a">&quot;Explicit liber qui vocatur Speculu[m] Xp[ist]iani [sic]&quot;, [N]4r. &quot;Sequitur exposicio oracionis dominice ..&quot; has caption title on [O]1r.</marc:subfield></marc:datafield><marc:datafield tag="509" ind1=" " ind2=" "><marc:subfield code="a">L copy filmed on UMI &quot;Tract supplement&quot; reel E1 (Harl. 5919[9]): fragment of the 25th recto only.</marc:subfield></marc:datafield><marc:datafield tag="510" ind1="4" ind2=" "><marc:subfield code="a">STC (2nd ed.),</marc:subfield><marc:subfield code="c">26012</marc:subfield></marc:datafield><marc:datafield tag="510" ind1="4" ind2=" "><marc:subfield code="a">Goff</marc:subfield><marc:subfield code="c">W-9</marc:subfield></marc:datafield><marc:datafield tag="510" ind1="4" ind2=" "><marc:subfield code="a">Duff,</marc:subfield><marc:subfield code="c">415</marc:subfield></marc:datafield><marc:datafield tag="510" ind1="4" ind2=" "><marc:subfield code="a">Hain-Copinger,</marc:subfield><marc:subfield code="c">14914</marc:subfield></marc:datafield><marc:datafield tag="510" ind1="4" ind2=" "><marc:subfield code="a">Pforzheimer,</marc:subfield><marc:subfield code="c">1097</marc:subfield></marc:datafield><marc:datafield tag="510" ind1="4" ind2=" "><marc:subfield code="a">ESTC (RLIN)</marc:subfield><marc:subfield code="c">S109218</marc:subfield></marc:datafield><marc:datafield tag="650" ind1=" " ind2="0"><marc:subfield code="a">Christian life</marc:subfield><marc:subfield code="v">Early works to 1800.</marc:subfield></marc:datafield><marc:datafield tag="630" ind1="0" ind2="0"><marc:subfield code="a">Lord's prayer</marc:subfield><marc:subfield code="v">Commentaries</marc:subfield><marc:subfield code="v">Early works to 1800.</marc:subfield></marc:datafield><marc:datafield tag="655" ind1=" " ind2="7"><marc:subfield code="a">Annotations (Provenance)</marc:subfield><marc:subfield code="2">rbprov</marc:subfield></marc:datafield><marc:datafield tag="700" ind1="1" ind2=" "><marc:subfield code="a">Watton, John,</marc:subfield><marc:subfield code="d">fl. ca. 1360-1370,</marc:subfield><marc:subfield code="e">attributed name.</marc:subfield></marc:datafield><marc:datafield tag="700" ind1="1" ind2=" "><marc:subfield code="a">Harmsworth, R. Leicester</marc:subfield><marc:subfield code="q">(Robert Leicester),</marc:subfield><marc:subfield code="c">Sir,</marc:subfield><marc:subfield code="d">1870-1937,</marc:subfield><marc:subfield code="e">former owner.</marc:subfield><marc:subfield code="5">DFo</marc:subfield></marc:datafield><marc:datafield tag="700" ind1="1" ind2=" "><marc:subfield code="a">Machlinia, William de,</marc:subfield><marc:subfield code="d">fl. 1481-1486,</marc:subfield><marc:subfield code="e">printer.</marc:subfield><marc:subfield code="5">DFo</marc:subfield></marc:datafield><marc:datafield tag="700" ind1="1" ind2=" "><marc:subfield code="a">Frankenberg, Henry,</marc:subfield><marc:subfield code="d">fl. 1482-1486,</marc:subfield><marc:subfield code="e">printer.</marc:subfield><marc:subfield code="5">DFo</marc:subfield></marc:datafield><marc:datafield tag="710" ind1="2" ind2=" "><marc:subfield code="a">Riviere &amp; Son,</marc:subfield><marc:subfield code="e">binder.</marc:subfield><marc:subfield code="5">DFo</marc:subfield></marc:datafield><marc:datafield tag="752" ind1=" " ind2=" "><marc:subfield code="a">England</marc:subfield><marc:subfield code="d">London.</marc:subfield></marc:datafield><marc:datafield tag="852" ind1=" " ind2=" "><marc:subfield code="a">DFo</marc:subfield><marc:subfield code="h">STC 26012</marc:subfield><marc:subfield code="8">1</marc:subfield></marc:datafield><marc:datafield tag="859" ind1=" " ind2=" "><marc:subfield code="p">N</marc:subfield><marc:subfield code="r">N</marc:subfield><marc:subfield code="l">DFo</marc:subfield><marc:subfield code="v">Y</marc:subfield><marc:subfield code="d">07-16-02</marc:subfield><marc:subfield code="c">jre</marc:subfield><marc:subfield code="b">ST</marc:subfield></marc:datafield><marc:datafield tag="876" ind1=" " ind2=" "><marc:subfield code="z">HH194/39. Imperfect: lacking [A]8, supplied in facsimile. Lacking blanks. Scattered ms. notes. Cropped, affecting text at fore-edges. Panelled goatskin binding by Riviere &amp; Son; all edges gilt. Provenance: Q[uaritch?] March 1922; Harmsworth copy</marc:subfield></marc:datafield><marc:datafield tag="967" ind1=" " ind2=" "><marc:subfield code="a">z</marc:subfield><marc:subfield code="c">n</marc:subfield></marc:datafield><marc:datafield tag="998" ind1=" " ind2=" "><marc:subfield code="a">07/16/02</marc:subfield><marc:subfield code="t">c</marc:subfield><marc:subfield code="s">9125</marc:subfield><marc:subfield code="n">DFo</marc:subfield><marc:subfield code="w">ESTCS109218</marc:subfield><marc:subfield code="d">11/05/00</marc:subfield><marc:subfield code="i">020716</marc:subfield><marc:subfield code="h">020715</marc:subfield><marc:subfield code="l">ESTC</marc:subfield></marc:datafield></marc:record>