
<marc:record><marc:leader>02609cam a2200457 a 4500</marc:leader>
<marc:controlfield tag="001">92663</marc:controlfield>
<marc:controlfield tag="005">20110119170203.0</marc:controlfield><marc:controlfield tag="008">960410s1489    it            000 0 ita d</marc:controlfield><marc:datafield tag="035" ind1=" " ind2=" "><marc:subfield code="a">(CStRLIN)DCFG96-B605</marc:subfield></marc:datafield><marc:datafield tag="035" ind1=" " ind2=" "><marc:subfield code="a">92663</marc:subfield></marc:datafield><marc:datafield tag="040" ind1=" " ind2=" "><marc:subfield code="a">DFo</marc:subfield><marc:subfield code="c">DFo</marc:subfield><marc:subfield code="e">dcrb</marc:subfield></marc:datafield><marc:datafield tag="041" ind1="1" ind2=" "><marc:subfield code="a">ita</marc:subfield><marc:subfield code="h">lat</marc:subfield></marc:datafield><marc:datafield tag="090" ind1=" " ind2=" "><marc:subfield code="b">\INC\V267</marc:subfield><marc:subfield code="f">184366</marc:subfield><marc:subfield code="i">09/09/96 N</marc:subfield><marc:subfield code="h">08/23/96 N</marc:subfield><marc:subfield code="h">05/03/96 N</marc:subfield><marc:subfield code="h">04/29/96 C</marc:subfield></marc:datafield><marc:datafield tag="240" ind1="1" ind2="0"><marc:subfield code="a">Legenda maior.</marc:subfield><marc:subfield code="l">Italian</marc:subfield></marc:datafield><marc:datafield tag="245" ind1="1" ind2="0"><marc:subfield code="a">Incomentia il prologo de la perfecta et cõsnmmata [sic] hystoria e uita de sancta Catherina Senese uirgine admirabile et desponsata da Christo Iesu essendo ley professa nel ordine de la Penitentia de Sancto Dominico q[ua]le uulgarm[en]te se nomi[n]a el tertio ordine de Fratri Predicatore confirmato da Innocentio Sexto et da Ioanne uigesimosecu[n]do.</marc:subfield></marc:datafield><marc:datafield tag="246" ind1="3" ind2=" "><marc:subfield code="a">Leggenda di S. Catarina da Siena</marc:subfield></marc:datafield><marc:datafield tag="246" ind1="3" ind2=" "><marc:subfield code="a">Vita di S. Catarina da Siena</marc:subfield></marc:datafield><marc:datafield tag="246" ind1="3" ind2=" "><marc:subfield code="a">Historia e vita de sancta Catherina senese</marc:subfield></marc:datafield><marc:datafield tag="246" ind1="3" ind2="0"><marc:subfield code="a">Hystoria e uita de sancta Catherina Senese</marc:subfield></marc:datafield><marc:datafield tag="260" ind1=" " ind2=" "><marc:subfield code="a">Impressa a Milano :</marc:subfield><marc:subfield code="b">P[er] Iohanne Antonio de Honate ,</marc:subfield><marc:subfield code="c">ne lo anno del Segnore 1489 adi xxviii. de martio.</marc:subfield></marc:datafield><marc:datafield tag="300" ind1=" " ind2=" "><marc:subfield code="a">[304] p. ;</marc:subfield><marc:subfield code="c">21 cm. (4to)</marc:subfield></marc:datafield><marc:datafield tag="590" ind1=" " ind2=" "><marc:subfield code="a">Folger copy lacks first leaf described as bearing title and woodcut in Sander 1824, and as a blank leaf in BM 15th cent. and Polain; title from beginning of proem (leaf a2, unsigned); text in a variant setting differing from BM 15th cent. description: incipit on leaf a7v reads: In questo libro se contiene la / legẽda de la scã e admirabile v[er]/gine Catherina de siena sorore / ...</marc:subfield></marc:datafield><marc:datafield tag="500" ind1=" " ind2=" "><marc:subfield code="a">The text is altered and abridged from the original.</marc:subfield></marc:datafield><marc:datafield tag="500" ind1=" " ind2=" "><marc:subfield code="a">Imprint from colophon (leaf t8v).</marc:subfield></marc:datafield><marc:datafield tag="500" ind1=" " ind2=" "><marc:subfield code="a">Signatures: a-t⁸ (a2 unsigned).</marc:subfield></marc:datafield><marc:datafield tag="500" ind1=" " ind2=" "><marc:subfield code="a">Printed in 2 columns.</marc:subfield></marc:datafield><marc:datafield tag="500" ind1=" " ind2=" "><marc:subfield code="a">Capital spaces with guide letters.</marc:subfield></marc:datafield><marc:datafield tag="510" ind1="4" ind2=" "><marc:subfield code="a">Goff</marc:subfield><marc:subfield code="c">V-296.</marc:subfield></marc:datafield><marc:datafield tag="510" ind1="4" ind2=" "><marc:subfield code="a">BM 15th cent.</marc:subfield><marc:subfield code="c">VI, p. 742 (IA.26368).</marc:subfield></marc:datafield><marc:datafield tag="510" ind1="4" ind2=" "><marc:subfield code="a">Polain</marc:subfield><marc:subfield code="c">3986.</marc:subfield></marc:datafield><marc:datafield tag="510" ind1="4" ind2=" "><marc:subfield code="a">Hain-Copinger</marc:subfield><marc:subfield code="c">4698 = Hain 4697, Reichling 868.</marc:subfield></marc:datafield><marc:datafield tag="590" ind1=" " ind2=" "><marc:subfield code="a">Folger copy: initials provided in red and blue, alternating irregularly.</marc:subfield></marc:datafield><marc:datafield tag="590" ind1=" " ind2=" "><marc:subfield code="a">Bookplate &quot;Luton Library&quot; (no. 1446 in the Sotheby sale catalog of the Marquess of Bute's library, Oct. 1961); purchased in 1961.</marc:subfield></marc:datafield><marc:datafield tag="590" ind1=" " ind2=" "><marc:subfield code="a">In a later vellum binding; edges stained red.</marc:subfield></marc:datafield><marc:datafield tag="710" ind1="2" ind2=" "><marc:subfield code="a">Bute library,</marc:subfield><marc:subfield code="e">former owner.</marc:subfield><marc:subfield code="5">DFo</marc:subfield></marc:datafield><marc:datafield tag="700" ind1="1" ind2=" "><marc:subfield code="a">Honate, Joannes Antonius de,</marc:subfield><marc:subfield code="d">fl. 1477-1495,</marc:subfield><marc:subfield code="e">printer.</marc:subfield></marc:datafield><marc:datafield tag="752" ind1=" " ind2=" "><marc:subfield code="a">Italy</marc:subfield><marc:subfield code="d">Milan.</marc:subfield></marc:datafield><marc:datafield tag="100" ind1="0" ind2=" "><marc:subfield code="a">Raymond,</marc:subfield><marc:subfield code="c">of Capua,</marc:subfield><marc:subfield code="d">1330-1399.</marc:subfield></marc:datafield><marc:datafield tag="600" ind1="0" ind2="0"><marc:subfield code="a">Catherine,</marc:subfield><marc:subfield code="c">of Siena, Saint,</marc:subfield><marc:subfield code="d">1347-1380.</marc:subfield></marc:datafield><marc:datafield tag="998" ind1=" " ind2=" "><marc:subfield code="a">09/09/96</marc:subfield><marc:subfield code="t">c</marc:subfield><marc:subfield code="s">9114</marc:subfield><marc:subfield code="l">DCFG</marc:subfield><marc:subfield code="n">DFo</marc:subfield><marc:subfield code="w">DCFG96B605</marc:subfield><marc:subfield code="d">04/10/96</marc:subfield><marc:subfield code="c">ML</marc:subfield><marc:subfield code="b">KK</marc:subfield></marc:datafield><marc:datafield tag="950" ind1=" " ind2=" "><marc:subfield code="l">RARE</marc:subfield><marc:subfield code="h">04/29/96 C</marc:subfield></marc:datafield></marc:record>