
<marc:record><marc:leader>04168cam a2200517 a 4500</marc:leader>
<marc:controlfield tag="001">79714</marc:controlfield>
<marc:controlfield tag="005">20110119165450.0</marc:controlfield><marc:controlfield tag="008">920803s1497    gw            001 0 lat d</marc:controlfield><marc:datafield tag="035" ind1=" " ind2=" "><marc:subfield code="9">DCFG92-B4865</marc:subfield></marc:datafield><marc:datafield tag="040" ind1=" " ind2=" "><marc:subfield code="a">DFo</marc:subfield><marc:subfield code="c">DFo</marc:subfield><marc:subfield code="e">dcrb</marc:subfield><marc:subfield code="d">UtOrBLW</marc:subfield></marc:datafield><marc:datafield tag="090" ind1=" " ind2=" "><marc:subfield code="b">INC G636</marc:subfield><marc:subfield code="n">:sl Bd.w this are: INC S414, INC E123, and Poenitentionarius [1503]</marc:subfield><marc:subfield code="t">6̃10</marc:subfield><marc:subfield code="t">6̃50</marc:subfield><marc:subfield code="t">7̃40</marc:subfield><marc:subfield code="i">11/17/94 X</marc:subfield><marc:subfield code="h">10/28/94 C</marc:subfield><marc:subfield code="h">10/23/92 N</marc:subfield><marc:subfield code="h">10/09/92 C</marc:subfield></marc:datafield><marc:datafield tag="245" ind1="1" ind2="0"><marc:subfield code="a">Postilla Guillerini sup[er] Epistolas et Euangelia de tempore et Sanctis et pro defunctis.</marc:subfield></marc:datafield><marc:datafield tag="246" ind1="3" ind2="3"><marc:subfield code="a">Postilla ... su[per] Epistolas et Evangelia</marc:subfield></marc:datafield><marc:datafield tag="260" ind1=" " ind2=" "><marc:subfield code="a">Impressa Colon[iae] :</marc:subfield><marc:subfield code="b">P[er] me Henricu[m] Quentell,</marc:subfield><marc:subfield code="c">anno [Christ]i 1497.</marc:subfield></marc:datafield><marc:datafield tag="300" ind1=" " ind2=" "><marc:subfield code="a">[4], clxxviij leaves ;</marc:subfield><marc:subfield code="c">20 cm. (4to)</marc:subfield></marc:datafield><marc:datafield tag="500" ind1=" " ind2=" "><marc:subfield code="a">Includes the Latin text of the Epistles and Gospels printed in one column, surrounded by the commentary.</marc:subfield></marc:datafield><marc:datafield tag="500" ind1=" " ind2=" "><marc:subfield code="a">Imprint from colophon.</marc:subfield></marc:datafield><marc:datafield tag="500" ind1=" " ind2=" "><marc:subfield code="a">Signatures: a⁴, [2nd]a-z⁶, [et]⁶, [con]⁶, A-D⁶, E⁴.</marc:subfield></marc:datafield><marc:datafield tag="500" ind1=" " ind2=" "><marc:subfield code="a">Some capital spaces (a few with guide letters).</marc:subfield></marc:datafield><marc:datafield tag="500" ind1=" " ind2=" "><marc:subfield code="a">Measurement of the printed p. ([2nd]a2r): 46 lines of commentary, 147 (159) x 88 mm.</marc:subfield></marc:datafield><marc:datafield tag="500" ind1=" " ind2=" "><marc:subfield code="a">Type of text: 80 G; commentary: 63 G. Cf. BM 15th cent., I, p. 269-270 (Plate XXVII).</marc:subfield></marc:datafield><marc:datafield tag="500" ind1=" " ind2=" "><marc:subfield code="a">Woodcut on t.p. depicting a teacher and 3 students.</marc:subfield></marc:datafield><marc:datafield tag="510" ind1="4" ind2=" "><marc:subfield code="a">Goff</marc:subfield><marc:subfield code="c">G-703.</marc:subfield></marc:datafield><marc:datafield tag="510" ind1="4" ind2=" "><marc:subfield code="a">Copinger</marc:subfield><marc:subfield code="c">2871.</marc:subfield></marc:datafield><marc:datafield tag="510" ind1="4" ind2=" "><marc:subfield code="a">Vouilléme, E.H. Buchdruck Kölns,</marc:subfield><marc:subfield code="c">538.</marc:subfield></marc:datafield><marc:datafield tag="500" ind1=" " ind2=" "><marc:subfield code="a">Includes index.</marc:subfield></marc:datafield><marc:datafield tag="590" ind1=" " ind2=" "><marc:subfield code="a">Folger copy: t.p. (bearing woodcut) and leaf [1st]a2 cut away (title from Vouilléme); margins trimmed, affecting manuscript notes.</marc:subfield></marc:datafield><marc:datafield tag="590" ind1=" " ind2=" "><marc:subfield code="a">Rubricated in most pts. of the 4 items bound together (initials, capital strokes on printed capitals, paragraph marks, and underlining), with a few notes in same red paint in margins; some flourishes in purple ink on the 1st leaves of the 1st item and in a few initials; some initials are figurative.</marc:subfield></marc:datafield><marc:datafield tag="590" ind1=" " ind2=" "><marc:subfield code="a">Manuscript notes throughout the vol. in brown ink, in different hands, one of them (and the rubricator's) being Johann Velchauer's whose mark of ownership appears at the end of the vol.; interlinear and marginal finding notes and numbering in another hand, with fists and blank markings throughout, and corrections in text (the notes in the last item in the vol. are dated the 3rd and 14th of February 1548 at beginning and end); manuscript music staffs of plainchant offset on the last leaf of the last item.</marc:subfield></marc:datafield><marc:datafield tag="590" ind1=" " ind2=" "><marc:subfield code="a">Ownership inscriptions defaced on the last leaf of the last item in the vol., one inscription reading: &quot;Iste liber empt[us] compact[us] at[que] p[er]fect[us] est Viginti solidis Per me Iohannem Velchauer [defaced] anno [Christ]i xvc. [for 1515?] In Sundis&quot;; bookplate of W.T. Smedley; purchased in 1924.</marc:subfield></marc:datafield><marc:datafield tag="590" ind1=" " ind2=" "><marc:subfield code="a">Several leaves at beginning and at end of some of the items in the vol. have been sliced at the time of cutting away of the title-pages and blank leaves, after the binding process; evidence of a leather tab on the last leaf of the 1st item; evidence of a paper tab on t.p. of the last item.</marc:subfield></marc:datafield><marc:datafield tag="590" ind1=" " ind2=" "><marc:subfield code="a">With: Catholic Church. Sequentiary. Textus seque[n]tiaru[m] cu[m] optimo comme[n]to. [Cologne : Heinrich Quentel, 1496] -- Catholic Church. Expositio hymnorum. Impressus in sancta Colonia : P[er] Henricum Quentell, Anno Incarnationis Dominice 1496, octaua die Octobris -- Poenitentionarius. Peniteas cito libellus ... Impressum Colonie : In officina bone memorie Henrici Quentell, anno post Iubileum tercio [1503]</marc:subfield></marc:datafield><marc:datafield tag="650" ind1=" " ind2="0"><marc:subfield code="a">Church year sermons.</marc:subfield></marc:datafield><marc:datafield tag="610" ind1="2" ind2="0"><marc:subfield code="a">Catholic Church</marc:subfield><marc:subfield code="v">Sermons.</marc:subfield></marc:datafield><marc:datafield tag="650" ind1=" " ind2="0"><marc:subfield code="a">Sermons, Latin.</marc:subfield></marc:datafield><marc:datafield tag="655" ind1=" " ind2="7"><marc:subfield code="a">Annotations (Provenance)</marc:subfield><marc:subfield code="2">rbprov</marc:subfield></marc:datafield><marc:datafield tag="655" ind1=" " ind2="7"><marc:subfield code="a">Prices (Provenance)</marc:subfield><marc:subfield code="2">rbprov</marc:subfield></marc:datafield><marc:datafield tag="655" ind1=" " ind2="7"><marc:subfield code="a">Musical annotations.</marc:subfield><marc:subfield code="2">local</marc:subfield></marc:datafield><marc:datafield tag="730" ind1="0" ind2="2"><marc:subfield code="a">Bible.</marc:subfield><marc:subfield code="p">N.T.</marc:subfield><marc:subfield code="p">Epistles and Gospels, Liturgical.</marc:subfield><marc:subfield code="l">Latin.</marc:subfield><marc:subfield code="f">1497.</marc:subfield></marc:datafield><marc:datafield tag="700" ind1="1" ind2=" "><marc:subfield code="a">Quentell, Heinrich,</marc:subfield><marc:subfield code="d">d. 1501,</marc:subfield><marc:subfield code="e">printer.</marc:subfield></marc:datafield><marc:datafield tag="752" ind1="1" ind2="0"><marc:subfield code="a">Germany</marc:subfield><marc:subfield code="d">Cologne.</marc:subfield></marc:datafield><marc:datafield tag="700" ind1="1" ind2=" "><marc:subfield code="a">Smedley, William T.</marc:subfield><marc:subfield code="q">(William Thomas),</marc:subfield><marc:subfield code="d">b. 1851,</marc:subfield><marc:subfield code="e">former owner.</marc:subfield></marc:datafield><marc:datafield tag="700" ind1="1" ind2=" "><marc:subfield code="a">Velchauer, Johann,</marc:subfield><marc:subfield code="d">fl. 1515?,</marc:subfield><marc:subfield code="e">former owner.</marc:subfield></marc:datafield><marc:datafield tag="100" ind1="0" ind2=" "><marc:subfield code="a">Guillermus,</marc:subfield><marc:subfield code="c">Parisiensis.</marc:subfield></marc:datafield><marc:datafield tag="950" ind1=" " ind2=" "><marc:subfield code="l">RARE</marc:subfield><marc:subfield code="h">10/28/94 RL</marc:subfield><marc:subfield code="h">10/09/92 C</marc:subfield></marc:datafield><marc:datafield tag="998" ind1=" " ind2=" "><marc:subfield code="a">11/17/94</marc:subfield><marc:subfield code="t">c</marc:subfield><marc:subfield code="s">9114</marc:subfield><marc:subfield code="n">DFo</marc:subfield><marc:subfield code="w">DCFG92B4865</marc:subfield><marc:subfield code="d">08/03/92</marc:subfield><marc:subfield code="c">ML</marc:subfield><marc:subfield code="b">MT</marc:subfield><marc:subfield code="l">DCFG</marc:subfield></marc:datafield></marc:record>