
<marc:record><marc:leader>03322cam a2200529 a 4500</marc:leader>
<marc:controlfield tag="001">89471</marc:controlfield>
<marc:controlfield tag="005">20110119165952.0</marc:controlfield><marc:controlfield tag="008">940106s1491    it            000 0 lat d</marc:controlfield><marc:datafield tag="035" ind1=" " ind2=" "><marc:subfield code="9">DCFG94-B103</marc:subfield></marc:datafield><marc:datafield tag="040" ind1=" " ind2=" "><marc:subfield code="a">DFo</marc:subfield><marc:subfield code="c">DFo</marc:subfield><marc:subfield code="e">dcrb</marc:subfield><marc:subfield code="d">UtOrBLW</marc:subfield></marc:datafield><marc:datafield tag="090" ind1=" " ind2=" "><marc:subfield code="b">INC A1081 copy 1</marc:subfield><marc:subfield code="t">6̃00</marc:subfield><marc:subfield code="t">6̃50</marc:subfield><marc:subfield code="t">7̃40</marc:subfield><marc:subfield code="t">7̃96-1</marc:subfield><marc:subfield code="t">7̃97</marc:subfield><marc:subfield code="i">10/27/95 N</marc:subfield><marc:subfield code="h">01/11/94 C</marc:subfield></marc:datafield><marc:datafield tag="240" ind1="1" ind2="0"><marc:subfield code="a">Selections.</marc:subfield><marc:subfield code="f">1491</marc:subfield></marc:datafield><marc:datafield tag="245" ind1="1" ind2="0"><marc:subfield code="a">Plurima opuschula Sancti Augustini.</marc:subfield></marc:datafield><marc:datafield tag="260" ind1=" " ind2=" "><marc:subfield code="a">Impressa fuerunt Ventijs :</marc:subfield><marc:subfield code="b">Per Pelegrinum de Pasqualibus de Bononia,</marc:subfield><marc:subfield code="c">anno a Natiuitate Domini, 1491, die vero io. Nouembris ...</marc:subfield></marc:datafield><marc:datafield tag="300" ind1=" " ind2=" "><marc:subfield code="a">[2], 131 [i.e. 130], [2] leaves (the last [2] leaves blank) ;</marc:subfield><marc:subfield code="c">24 cm. (4to)</marc:subfield></marc:datafield><marc:datafield tag="500" ind1=" " ind2=" "><marc:subfield code="a">Additions by Severinus Chalcus.</marc:subfield></marc:datafield><marc:datafield tag="500" ind1=" " ind2=" "><marc:subfield code="a">Caption title (leaf a1r): Diui Aurelij Augustini Hipponensis  episcopi contra Academicos: vel de Academicis quem adhuc catachuminus edidit.</marc:subfield></marc:datafield><marc:datafield tag="500" ind1=" " ind2=" "><marc:subfield code="a">Imprint from colophon (leaf r2v), which reads: Hic finiunt[ur] opuscula sancti Augustini hipponensis anno a natiuitate domini. M.cccc.lxxxxj. die vero. io. nouembris impressa fuerunt Ventijs per Pelegrinum de pasqualibus de Bononia.</marc:subfield></marc:datafield><marc:datafield tag="500" ind1=" " ind2=" "><marc:subfield code="a">Signatures: []², a-q⁸, r⁴ (n2 unsigned).</marc:subfield></marc:datafield><marc:datafield tag="500" ind1=" " ind2=" "><marc:subfield code="a">Printed in 2 columns.</marc:subfield></marc:datafield><marc:datafield tag="500" ind1=" " ind2=" "><marc:subfield code="a">Capital spaces, some with guide letters.</marc:subfield></marc:datafield><marc:datafield tag="500" ind1=" " ind2=" "><marc:subfield code="a">Incipit and foliation printed in red on leaf a1r.</marc:subfield></marc:datafield><marc:datafield tag="500" ind1=" " ind2=" "><marc:subfield code="a">Numerous errors in foliation, leaf 130 misnumbered 131.</marc:subfield></marc:datafield><marc:datafield tag="510" ind1="4" ind2=" "><marc:subfield code="a">Goff</marc:subfield><marc:subfield code="c">A-1222.</marc:subfield></marc:datafield><marc:datafield tag="510" ind1="4" ind2=" "><marc:subfield code="a">BM 15th cent.,</marc:subfield><marc:subfield code="c">V, p. 392 (IB.22281).</marc:subfield></marc:datafield><marc:datafield tag="510" ind1="4" ind2=" "><marc:subfield code="a">GW</marc:subfield><marc:subfield code="c">2869.</marc:subfield></marc:datafield><marc:datafield tag="500" ind1=" " ind2=" "><marc:subfield code="a">Includes register.</marc:subfield></marc:datafield><marc:datafield tag="505" ind1="0" ind2=" "><marc:subfield code="a">(from leaf []2r) De Academicis vel contra Acade. -- De Ordine. -- Soliloquiorum. -- De Immortalitate anime. -- De Grammattica. -- De Rhetorica. -- De Dialectica. -- De Moribus ecclesie catholice. -- De Anime quantitate. -- De Libero arbitrio. -- De Magistro. -- De Opere monachorum. -- De Bono perseuerantie. -- Speculu[m] [Christ]iane p[er]fectio[n]is. q[uod] dicit[ur] regula.</marc:subfield></marc:datafield><marc:datafield tag="500" ind1=" " ind2=" "><marc:subfield code="a">Speculum christiane perfectionis enumerated in the table of contents is not found in the book.</marc:subfield></marc:datafield><marc:datafield tag="590" ind1=" " ind2=" "><marc:subfield code="a">Some early manuscript notes, underlining, and brackets.</marc:subfield></marc:datafield><marc:datafield tag="590" ind1=" " ind2=" "><marc:subfield code="a">Marks of ownership of the Benedictines of Mantua on the preceding item (Folger INC A1078 copy 1); bookplate of W.T. Smedley; purchased in 1924.</marc:subfield></marc:datafield><marc:datafield tag="590" ind1=" " ind2=" "><marc:subfield code="a">Some vellum guards.</marc:subfield></marc:datafield><marc:datafield tag="590" ind1=" " ind2=" "><marc:subfield code="a">With: Augustine, Saint, Bishop of Hippo. Aurelii Augustini Opuscula plurima, quedam no[n] plus imp[re]ssa. [Venice] : I[m]pe[n]sis [et] op[er]a Dionysij Bertochi de Bolonia Venetie accuratissime i[m]presso[rum] finis, anno a natiuitate saluatoris nostris, 1491, die xxvj. Martij.</marc:subfield></marc:datafield><marc:datafield tag="650" ind1=" " ind2="0"><marc:subfield code="a">Christian life</marc:subfield><marc:subfield code="x">History</marc:subfield><marc:subfield code="y">Early church, ca. 30-600.</marc:subfield></marc:datafield><marc:datafield tag="655" ind1=" " ind2="7"><marc:subfield code="a">Annotations (Provenance)</marc:subfield><marc:subfield code="2">rbprov</marc:subfield></marc:datafield><marc:datafield tag="700" ind1="1" ind2=" "><marc:subfield code="a">Chalcus, Severinus.</marc:subfield></marc:datafield><marc:datafield tag="740" ind1="0" ind2=" "><marc:subfield code="a">Opuscula.</marc:subfield></marc:datafield><marc:datafield tag="740" ind1="0" ind2=" "><marc:subfield code="a">De academicis.</marc:subfield></marc:datafield><marc:datafield tag="700" ind1="1" ind2=" "><marc:subfield code="a">Smedley, William T.</marc:subfield><marc:subfield code="q">(William Thomas),</marc:subfield><marc:subfield code="d">b. 1851,</marc:subfield><marc:subfield code="e">former owner.</marc:subfield></marc:datafield><marc:datafield tag="710" ind1="2" ind2=" "><marc:subfield code="a">Monastero di San Benedetto di Mantova,</marc:subfield><marc:subfield code="e">former owner.</marc:subfield></marc:datafield><marc:datafield tag="710" ind1="2" ind2=" "><marc:subfield code="a">Congregazione di Santa Giustina,</marc:subfield><marc:subfield code="e">former owner.</marc:subfield></marc:datafield><marc:datafield tag="700" ind1="1" ind2=" "><marc:subfield code="a">Pasquali, Pellegrino,</marc:subfield><marc:subfield code="d">fl. 1482-1500,</marc:subfield><marc:subfield code="e">printer.</marc:subfield></marc:datafield><marc:datafield tag="752" ind1="1" ind2="0"><marc:subfield code="d">Venice.</marc:subfield></marc:datafield><marc:datafield tag="100" ind1="0" ind2=" "><marc:subfield code="a">Augustine,</marc:subfield><marc:subfield code="c">Saint, Bishop of Hippo.</marc:subfield></marc:datafield><marc:datafield tag="600" ind1="0" ind2="0"><marc:subfield code="a">Augustine,</marc:subfield><marc:subfield code="c">Saint, Bishop of Hippo.</marc:subfield></marc:datafield><marc:datafield tag="950" ind1=" " ind2=" "><marc:subfield code="l">RARE</marc:subfield><marc:subfield code="e">Bd.w. INC A1078 copy 1</marc:subfield><marc:subfield code="h">01/11/94 C</marc:subfield></marc:datafield><marc:datafield tag="998" ind1=" " ind2=" "><marc:subfield code="a">10/27/95</marc:subfield><marc:subfield code="t">c</marc:subfield><marc:subfield code="s">9114</marc:subfield><marc:subfield code="n">DFo</marc:subfield><marc:subfield code="w">DCFG94B103</marc:subfield><marc:subfield code="d">01/06/94</marc:subfield><marc:subfield code="c">ML</marc:subfield><marc:subfield code="b">MT</marc:subfield><marc:subfield code="l">DCFG</marc:subfield></marc:datafield></marc:record>