
<marc:record><marc:leader>03348cam a2200433 a 4500</marc:leader>
<marc:controlfield tag="001">90184</marc:controlfield>
<marc:controlfield tag="005">20110119170021.0</marc:controlfield><marc:controlfield tag="008">950105s1479    it            000 0 lat d</marc:controlfield><marc:datafield tag="035" ind1=" " ind2=" "><marc:subfield code="9">DCFG95-B57</marc:subfield></marc:datafield><marc:datafield tag="040" ind1=" " ind2=" "><marc:subfield code="a">DFo</marc:subfield><marc:subfield code="c">DFo</marc:subfield><marc:subfield code="e">dcrb</marc:subfield></marc:datafield><marc:datafield tag="090" ind1=" " ind2=" "><marc:subfield code="b">INC H155</marc:subfield><marc:subfield code="n">:SL With this are bound INC H148 (fragment of 70 leaves), INC A1090 (fragment of 24 leaves), and INC A1091 copy 2 (fragment of 34 leaves).</marc:subfield><marc:subfield code="t">6̃50</marc:subfield><marc:subfield code="t">7̃40</marc:subfield><marc:subfield code="t">7̃96</marc:subfield><marc:subfield code="i">03/09/95 N</marc:subfield><marc:subfield code="h">01/20/95 C</marc:subfield></marc:datafield><marc:datafield tag="240" ind1="0" ind2="0"><marc:subfield code="a">Correspondence.</marc:subfield><marc:subfield code="n">Part 2</marc:subfield></marc:datafield><marc:datafield tag="245" ind1="1" ind2="0"><marc:subfield code="a">Epistolarum Beati Hieronymi pars secunda.</marc:subfield></marc:datafield><marc:datafield tag="260" ind1=" " ind2=" "><marc:subfield code="a">Impressa Rome :</marc:subfield><marc:subfield code="b">Per uenerabilem uirum magist[rum] Georgiu[m] Laur de Herbipoli,</marc:subfield><marc:subfield code="c">sub anno D[omi]ni 1479 die uero Lune, q[ui]nta me[n]sis Aprilis ...</marc:subfield></marc:datafield><marc:datafield tag="300" ind1=" " ind2=" "><marc:subfield code="a">[628] p. ;</marc:subfield><marc:subfield code="c">41 cm. (fol.)</marc:subfield></marc:datafield><marc:datafield tag="500" ind1=" " ind2=" "><marc:subfield code="a">Title and imprint from colophon.</marc:subfield></marc:datafield><marc:datafield tag="590" ind1=" " ind2=" "><marc:subfield code="a">Folger copy lacks gatherings [*], [s] [x], [L], and [M] (title and imprint provided from BM 15th cent.).</marc:subfield></marc:datafield><marc:datafield tag="500" ind1=" " ind2=" "><marc:subfield code="a">Completes the 1st pt. of the Epistles, dated 28 March, 1476, printed by Pannartz.</marc:subfield></marc:datafield><marc:datafield tag="500" ind1=" " ind2=" "><marc:subfield code="a">Edited by Giovanni Andrea Bussi.</marc:subfield></marc:datafield><marc:datafield tag="500" ind1=" " ind2=" "><marc:subfield code="a">Signatures: [*]⁸, [a]¹⁰, [b]⁸, [c]⁶, [d]¹⁰, [e]⁸, [f]¹⁰, [g-i]⁸, [k-n]¹⁰/⁶, [o-q]⁸, [r-v]¹⁰, [x]⁸, [y]¹⁰, [z]⁸, [A]⁶, [B-C]¹⁰, [D]¹², [E-F]¹⁰, [G]⁸, [H]⁶, [I]¹⁰, [K-L]⁸, [M]¹⁰.</marc:subfield></marc:datafield><marc:datafield tag="500" ind1=" " ind2=" "><marc:subfield code="a">The first and last leaves are blank.</marc:subfield></marc:datafield><marc:datafield tag="500" ind1=" " ind2=" "><marc:subfield code="a">Capital spaces.</marc:subfield></marc:datafield><marc:datafield tag="510" ind1="4" ind2=" "><marc:subfield code="a">Goff</marc:subfield><marc:subfield code="c">H-168.</marc:subfield></marc:datafield><marc:datafield tag="510" ind1="4" ind2=" "><marc:subfield code="a">BM 15th cent.,</marc:subfield><marc:subfield code="c">IV, p. 40-41 (IC.17525).</marc:subfield></marc:datafield><marc:datafield tag="510" ind1="4" ind2=" "><marc:subfield code="a">Hain-Copinger</marc:subfield><marc:subfield code="c">8555.</marc:subfield></marc:datafield><marc:datafield tag="590" ind1=" " ind2=" "><marc:subfield code="a">Folger copy: first leaf damaged, slightly affecting text.</marc:subfield></marc:datafield><marc:datafield tag="590" ind1=" " ind2=" "><marc:subfield code="a">A few early manuscript finding notes in brown ink (leaves [r]2v, [B]3r, [B4v) and a drawing of a face (leaf [E]8r); numerous charcoal markings in margins; early manuscript numbering at head of 1st leaf of each gathering (not including the lacking gatherings), throughout the vol. (and the fragments of other books bound in this vol); manuscript note at end of this item &quot;Qui manca&quot;.</marc:subfield></marc:datafield><marc:datafield tag="590" ind1=" " ind2=" "><marc:subfield code="a">Handpainted coat of arms on leaf [A]1r: jousting shield argent, with 6-mount hillocks (3,2,1) on bend or; inscription on leaf [G]4r, partially illegible &quot;Fra Fra[nces]co sc̃h[?]oni di Bagna a [...?]; bookplate of W.T. Smedley; purchased in 1924.</marc:subfield></marc:datafield><marc:datafield tag="590" ind1=" " ind2=" "><marc:subfield code="a">With: Jerome, Saint. Epistolae [Rome : Konrad Sweynheim and Arnold Pannartz], anno Christi 1468 ... die uero xiii. mensis Decembris (Fragment of 70 leaves of vol. 1) -- Augustine, Saint, Bishop of Hippo ... De ciuitate Dei ... [Rome] : Hoc Conradus opus Suueynheym ordine miro Arnoldusq[ue] simul Pannarts ..., 1468 (Fragment of 24 leaves)  -- Augustine, Saint, Bishop of Hippo ... De ciuitate Dei ... Rome impresserunt : Co[n]radus Suueynheym, Arnoldus Pa[n]nartzq[ue] ..., 1470 (Fragment of 34 leaves).</marc:subfield></marc:datafield><marc:datafield tag="590" ind1=" " ind2=" "><marc:subfield code="a">Cardboard binding with inscription on spine &quot;S. Hieronymi Epistolae 1470&quot;; repaired; in a tailored box.</marc:subfield></marc:datafield><marc:datafield tag="650" ind1=" " ind2="0"><marc:subfield code="a">Theology</marc:subfield><marc:subfield code="x">History</marc:subfield><marc:subfield code="y">Early church, ca. 30-600.</marc:subfield></marc:datafield><marc:datafield tag="700" ind1="1" ind2=" "><marc:subfield code="a">Bussi, Giovanni Andrea,</marc:subfield><marc:subfield code="d">1417-1475.</marc:subfield></marc:datafield><marc:datafield tag="740" ind1="0" ind2=" "><marc:subfield code="a">Epistolae.</marc:subfield></marc:datafield><marc:datafield tag="700" ind1="1" ind2=" "><marc:subfield code="a">Smedley, William T.</marc:subfield><marc:subfield code="q">(William Thomas),</marc:subfield><marc:subfield code="d">b. 1851,</marc:subfield><marc:subfield code="e">former owner.</marc:subfield></marc:datafield><marc:datafield tag="700" ind1="1" ind2=" "><marc:subfield code="a">Lauer, Georg,</marc:subfield><marc:subfield code="d">fl. 1470-1481,</marc:subfield><marc:subfield code="e">printer.</marc:subfield></marc:datafield><marc:datafield tag="752" ind1="1" ind2="0"><marc:subfield code="d">Rome.</marc:subfield></marc:datafield><marc:datafield tag="100" ind1="0" ind2=" "><marc:subfield code="a">Jerome,</marc:subfield><marc:subfield code="c">Saint,</marc:subfield><marc:subfield code="d">d. 419 or 20.</marc:subfield></marc:datafield><marc:datafield tag="950" ind1=" " ind2=" "><marc:subfield code="l">RARE</marc:subfield><marc:subfield code="n">:700 FOR OTHER EDITIONS, SEEN MAIN ENTRY.</marc:subfield><marc:subfield code="h">01/20/95 C</marc:subfield></marc:datafield><marc:datafield tag="998" ind1=" " ind2=" "><marc:subfield code="a">03/09/95</marc:subfield><marc:subfield code="t">c</marc:subfield><marc:subfield code="s">9114</marc:subfield><marc:subfield code="n">DFo</marc:subfield><marc:subfield code="w">DCFG95B57</marc:subfield><marc:subfield code="d">01/05/95</marc:subfield><marc:subfield code="c">ML</marc:subfield><marc:subfield code="b">MT</marc:subfield><marc:subfield code="l">DCFG</marc:subfield></marc:datafield></marc:record>