
<marc:record><marc:leader>04666cam a2200493 a 4500</marc:leader>
<marc:controlfield tag="001">90748</marc:controlfield>
<marc:controlfield tag="005">20120822135801.0</marc:controlfield><marc:controlfield tag="008">960408s1476    it            000 0 lat d</marc:controlfield><marc:datafield tag="035" ind1=" " ind2=" "><marc:subfield code="9">DCFG96-B566</marc:subfield></marc:datafield><marc:datafield tag="040" ind1=" " ind2=" "><marc:subfield code="a">DFo</marc:subfield><marc:subfield code="c">DFo</marc:subfield><marc:subfield code="e">dcrb</marc:subfield><marc:subfield code="d">UtOrBLW</marc:subfield></marc:datafield><marc:datafield tag="090" ind1=" " ind2=" "><marc:subfield code="b">INC V148</marc:subfield><marc:subfield code="i">04/30/96 C</marc:subfield></marc:datafield><marc:datafield tag="240" ind1="1" ind2="0"><marc:subfield code="a">Works.</marc:subfield><marc:subfield code="f">1476</marc:subfield></marc:datafield><marc:datafield tag="245" ind1="1" ind2="0"><marc:subfield code="a">Omnia haec uolumina quae Virgilius Maro uates eminentissimus composuit una cum Seruii honorati grammatici commentariis ac eiusdem poetae uita ...</marc:subfield></marc:datafield><marc:datafield tag="260" ind1=" " ind2=" "><marc:subfield code="a">Impressa sunt Venetiis :</marc:subfield><marc:subfield code="b">Per Iacobum Rubeum natione Gallicum,</marc:subfield><marc:subfield code="c">anno Domini 1475, mense Ianuarii [i.e. 1476] ...</marc:subfield></marc:datafield><marc:datafield tag="300" ind1=" " ind2=" "><marc:subfield code="a">[568] p. ;</marc:subfield><marc:subfield code="c">34 cm. (fol.)</marc:subfield></marc:datafield><marc:datafield tag="500" ind1=" " ind2=" "><marc:subfield code="a">Title from colophon (leaf [2c]9r); incipit (leaf [a]6r) reads: P. Virgilii Maronis Bucolica. Aegloga prima: interlocutores Meliboeus et Tityrus amici. Me.</marc:subfield></marc:datafield><marc:datafield tag="500" ind1=" " ind2=" "><marc:subfield code="a">Includes: Bucolica, Georgica, Aeneis with argumenta (commentary by Servius). De Hortulus. De vino et Venere. De livore. De cantu Sirenarum. De die natali. De fortuna. De Orpheo. De se ipso. De aetatibus animalium. De ludo. De aerumnis Herculis. De Musarum inventis. Elegia in Maecenatis obitu. De speculo. Mira Vergilii versus experientia. Mira Vergilii experientia. De quattuor temporibus anni. De ortu solis. De Herculis laboribus. De littera Y. De signis caelestibus. Priapea. Copa. Est et non. Vir bonus. Rosae. Culex. Dirae. Aetna. Ciris. Catalecton. Moretum. Donatus: Vita Vergilii. Ovidius: Versus. Alcimus: Versus de Vergilio. Cornelius Gallus: Versus de Aeneide. Epitaphia virorum illustrium. Summa Vergilianae narrationis.</marc:subfield></marc:datafield><marc:datafield tag="500" ind1=" " ind2=" "><marc:subfield code="a">Imprint from colophon (leaf [2c]9r); on the date, which reads M.CCCC.LXXY in most copies, but also M.CCCC.LXXX (see R 357), see D.E. Rhodes, in The Library, 5th ser., 30 (1975), p. 189. For variants, cf. also BN incun.</marc:subfield></marc:datafield><marc:datafield tag="500" ind1=" " ind2=" "><marc:subfield code="a">Signatures: [a-i]¹⁰, [k]⁸, [l-o]¹⁰, [p-q]⁸, r-z¹⁰, [et]¹⁰, [con]¹⁰, [rum]¹⁰, [2a-2c]¹⁰.</marc:subfield></marc:datafield><marc:datafield tag="500" ind1=" " ind2=" "><marc:subfield code="a">The first and last leaves are blank.</marc:subfield></marc:datafield><marc:datafield tag="500" ind1=" " ind2=" "><marc:subfield code="a">Capital spaces, a few with guide letters.</marc:subfield></marc:datafield><marc:datafield tag="500" ind1=" " ind2=" "><marc:subfield code="a">Printed signature &quot;y&quot; impressed by hand, in lower right-hand corner on leaf 215r; presence of 2 stubs between leaves [p]6 and [p]7.</marc:subfield></marc:datafield><marc:datafield tag="510" ind1="4" ind2=" "><marc:subfield code="a">Goff</marc:subfield><marc:subfield code="c">V-166.</marc:subfield></marc:datafield><marc:datafield tag="510" ind1="4" ind2=" "><marc:subfield code="a">BM 15th cent.,</marc:subfield><marc:subfield code="c">V, p. 214 (IB.20073).</marc:subfield></marc:datafield><marc:datafield tag="510" ind1=" " ind2=" "><marc:subfield code="a">Copinger</marc:subfield><marc:subfield code="c">6043 = 6041; Reichling 357.</marc:subfield></marc:datafield><marc:datafield tag="510" ind1="4" ind2=" "><marc:subfield code="a">BN incun.</marc:subfield><marc:subfield code="c">V-115.</marc:subfield></marc:datafield><marc:datafield tag="590" ind1=" " ind2=" "><marc:subfield code="a">Folger copy lacks leaves [rum]7-[2a]4, and first and last leaves (blank); conjugate leaves [p]3,[p]6 and [p]4,[p]5 misbound, reading: [p]4, [p]3, [p]6, [p]5; edges trimmed, affecting manuscript signatures.</marc:subfield></marc:datafield><marc:datafield tag="590" ind1=" " ind2=" "><marc:subfield code="a">Large initials in alternate red and blue in text and commentary; paragraph marks in alternate red and blue in commentary; a few capital strokes and underlining in text; headlines added in red providing book number for each work; a few notes in margins in same red paint.</marc:subfield></marc:datafield><marc:datafield tag="590" ind1=" " ind2=" "><marc:subfield code="a">Early manuscript notes in brown and red inks, in several hands, with fists, brackets, trefoil markings and sunbursts in margins in text and commentary; some commentary notes and a few additions in text; interlineary gloss added in parts of Bucolica and in first and fifth books of Aeneis; verse with title &quot;Simul[us] poeta&quot; in margin on leaf [f]8v; notes on leaves [p]3-[p]6 point to error in binding; early manuscript quiring.</marc:subfield></marc:datafield><marc:datafield tag="590" ind1=" " ind2=" "><marc:subfield code="a">Ownership inscription on leaf [a]2r &quot;Monasterij Weingartensis Ao 1600&quot;; shelfmark of the Sunderland library &quot;C2:42&quot; with pencilled note and pasted slip on front flyleaf referring to the sale (no. 13048 in the Puttick and Simpson sale catalog 1881-1883); booklabel of Charles Butler (no. 1197 in the Sotheby sale catalog of his library, April 1911); bookplate of W.T. Smedley; purchased in 1924.</marc:subfield></marc:datafield><marc:datafield tag="590" ind1=" " ind2=" "><marc:subfield code="a">In a later red morocco binding, gold tooled; manuscript fragments used as reinforcement in gatherings; inscription on fore-edge, partially illegible, reading from front to back cover &quot;Op[er]a Vergil[?]&quot;; point holes in leaves throughout the volume.</marc:subfield></marc:datafield><marc:datafield tag="655" ind1=" " ind2="7"><marc:subfield code="a">Annotations (Provenance)</marc:subfield><marc:subfield code="2">rbprov</marc:subfield></marc:datafield><marc:datafield tag="655" ind1=" " ind2="7"><marc:subfield code="a">Manuscript waste (Binding)</marc:subfield><marc:subfield code="2">rbbin</marc:subfield></marc:datafield><marc:datafield tag="710" ind1="2" ind2=" "><marc:subfield code="a">Sunderland library,</marc:subfield><marc:subfield code="e">former owner.</marc:subfield></marc:datafield><marc:datafield tag="710" ind1="2" ind2=" "><marc:subfield code="a">Benediktinerabtei Weingarten,</marc:subfield><marc:subfield code="e">former owner.</marc:subfield></marc:datafield><marc:datafield tag="700" ind1="1" ind2=" "><marc:subfield code="a">Butler, Charles,</marc:subfield><marc:subfield code="d">1821-1910,</marc:subfield><marc:subfield code="e">former owner.</marc:subfield></marc:datafield><marc:datafield tag="700" ind1="1" ind2=" "><marc:subfield code="a">Smedley, William T.</marc:subfield><marc:subfield code="q">(William Thomas),</marc:subfield><marc:subfield code="d">b. 1851,</marc:subfield><marc:subfield code="e">former owner.</marc:subfield></marc:datafield><marc:datafield tag="700" ind1="1" ind2=" "><marc:subfield code="a">Rubeus, Jacobus,</marc:subfield><marc:subfield code="d">fl. 1476,</marc:subfield><marc:subfield code="e">printer.</marc:subfield></marc:datafield><marc:datafield tag="752" ind1="1" ind2="0"><marc:subfield code="d">Venice.</marc:subfield></marc:datafield><marc:datafield tag="100" ind1="0" ind2=" "><marc:subfield code="a">Virgil.</marc:subfield></marc:datafield><marc:datafield tag="700" ind1="0" ind2=" "><marc:subfield code="a">Servius,</marc:subfield><marc:subfield code="d">4th cent.</marc:subfield></marc:datafield><marc:datafield tag="856" ind1="4" ind2="1"><marc:subfield code="u">http://luna.folger.edu/luna/servlet/s/p591rd</marc:subfield><marc:subfield code="z">Binding images and description for Folger Shakespeare Library INC V148</marc:subfield></marc:datafield><marc:datafield tag="950" ind1=" " ind2=" "><marc:subfield code="l">RARE</marc:subfield><marc:subfield code="i">04/30/96 C</marc:subfield></marc:datafield><marc:datafield tag="998" ind1=" " ind2=" "><marc:subfield code="a">04/30/96</marc:subfield><marc:subfield code="t">c</marc:subfield><marc:subfield code="s">9114</marc:subfield><marc:subfield code="n">DFo</marc:subfield><marc:subfield code="w">DCFG96B566</marc:subfield><marc:subfield code="d">04/08/96</marc:subfield><marc:subfield code="c">ML</marc:subfield><marc:subfield code="b">ML</marc:subfield><marc:subfield code="l">DCFG</marc:subfield></marc:datafield></marc:record>