
<marc:record><marc:leader>03693cam a2200481 a 4500</marc:leader>
<marc:controlfield tag="001">89747</marc:controlfield>
<marc:controlfield tag="005">20120821160010.0</marc:controlfield><marc:controlfield tag="008">940415s1480    it            000 0 lat d</marc:controlfield><marc:datafield tag="035" ind1=" " ind2=" "><marc:subfield code="9">DCFG94-B1930</marc:subfield></marc:datafield><marc:datafield tag="040" ind1=" " ind2=" "><marc:subfield code="a">DFo</marc:subfield><marc:subfield code="c">DFo</marc:subfield><marc:subfield code="e">dcrb</marc:subfield><marc:subfield code="d">UtOrBLW</marc:subfield></marc:datafield><marc:datafield tag="090" ind1=" " ind2=" "><marc:subfield code="b">INC B500</marc:subfield><marc:subfield code="f">cs844</marc:subfield><marc:subfield code="t">7̃40</marc:subfield><marc:subfield code="t">7̃55</marc:subfield><marc:subfield code="i">12/06/94 X</marc:subfield><marc:subfield code="h">05/17/94 C</marc:subfield></marc:datafield><marc:datafield tag="130" ind1="0" ind2=" "><marc:subfield code="a">Bible.</marc:subfield><marc:subfield code="l">Latin.</marc:subfield><marc:subfield code="s">Vulgate.</marc:subfield><marc:subfield code="f">1480.</marc:subfield></marc:datafield><marc:datafield tag="245" ind1="1" ind2="0"><marc:subfield code="a">Explicit Biblia ...</marc:subfield></marc:datafield><marc:datafield tag="246" ind1="3" ind2="3"><marc:subfield code="a">Biblia latina</marc:subfield></marc:datafield><marc:datafield tag="260" ind1=" " ind2=" "><marc:subfield code="a">Impressa Venetijs :</marc:subfield><marc:subfield code="b">Per Franciscum de Hailbrun,</marc:subfield><marc:subfield code="c">1480.</marc:subfield></marc:datafield><marc:datafield tag="300" ind1=" " ind2=" "><marc:subfield code="a">[940] p. (the last [2] p. blank) ;</marc:subfield><marc:subfield code="c">22 cm. (4to and 8vo)</marc:subfield></marc:datafield><marc:datafield tag="500" ind1=" " ind2=" "><marc:subfield code="a">Title from explicit (leaf 18 12v).</marc:subfield></marc:datafield><marc:datafield tag="500" ind1=" " ind2=" "><marc:subfield code="a">Imprint from colophon (leaf 18 12v).</marc:subfield></marc:datafield><marc:datafield tag="500" ind1=" " ind2=" "><marc:subfield code="a">Signatures: a-h¹⁰, i-l¹², m-s¹⁰, t-v¹², x-y¹⁰, 1-6¹⁰, 7-10¹², 11-13¹⁰, 14¹², 15-17¹⁰, 18¹², A-D¹².</marc:subfield></marc:datafield><marc:datafield tag="500" ind1=" " ind2=" "><marc:subfield code="a">For format, cf. C.F. Bühler. Chainlines versus imposition in incunabula. Studies in bibliography 23, 1970, p. 141-145; BM 15th cent. has recorded this ed. as &quot;Folio and Quarto&quot;.</marc:subfield></marc:datafield><marc:datafield tag="500" ind1=" " ind2=" "><marc:subfield code="a">Capital spaces.</marc:subfield></marc:datafield><marc:datafield tag="500" ind1=" " ind2=" "><marc:subfield code="a">Printed in 2 columns.</marc:subfield></marc:datafield><marc:datafield tag="510" ind1="4" ind2=" "><marc:subfield code="a">Goff</marc:subfield><marc:subfield code="c">B-566.</marc:subfield></marc:datafield><marc:datafield tag="510" ind1="4" ind2=" "><marc:subfield code="a">BM 15th cent.,</marc:subfield><marc:subfield code="c">V, p. 195-196 (IB.19875).</marc:subfield></marc:datafield><marc:datafield tag="510" ind1="4" ind2=" "><marc:subfield code="a">GW</marc:subfield><marc:subfield code="c">4241.</marc:subfield></marc:datafield><marc:datafield tag="585" ind1=" " ind2=" "><marc:subfield code="a">Washington, D.C., Folger Shakespeare Library, 2006-2007. Technologies of Writing in the Age of Print.</marc:subfield><marc:subfield code="5">DFo</marc:subfield></marc:datafield><marc:datafield tag="590" ind1=" " ind2=" "><marc:subfield code="a">Folger copy: the last leaf, blank, lacking; edges trimmed, affecting headlines and manuscript notes.</marc:subfield></marc:datafield><marc:datafield tag="590" ind1=" " ind2=" "><marc:subfield code="a">Large initials rubricated in interlocking red and blue with red penwork infill on leaves a1r and a3v; smaller initials and paragraph marks in alternate red and blue; capital strokes in red; lexicon of Hebrew names rubricated in red only; some green in initial on leaf x1v.</marc:subfield></marc:datafield><marc:datafield tag="590" ind1=" " ind2=" "><marc:subfield code="a">Manuscript notes (some vertical between the columns of text) in several hands, and underlining, in brown ink; the name of each Book has been added by hand with flourishes, at the foot of the 1st p. of most of the Books; also some Verses numbers have been added by hand, mostly in the New Testament; manuscript sequences of foliation reading 1-337 (no. 178 repeated in numbering), and 1-84 (for Old and New Testament), have been superseded and corrected by another hand, to read 1-469 (including lexicon of Hebrew names).</marc:subfield></marc:datafield><marc:datafield tag="590" ind1=" " ind2=" "><marc:subfield code="a">Unidentified coat of arms (gules, 2 embattled and counter-embattled lines argent) on leaf a1r, repeated on leaf 11 1r, both defaced; clipping (from the t.p. of a printed book?) bearing arms, name and titles of Joannes Robertus Caimo, Bishop of Bruges, pasted on front pastedown, and manuscript note: &quot;Ex bibliotheca R. D. de Caimo Episcopo brug: Biblia in usum S: dewind Transiit a[nn]o=1776&quot; also on front pastedown; another inscription on same pastedown reads &quot;C.H. DeNos&quot;; manuscript note &quot;Zie myne Catalogus no. 129a&quot;, and a set of bibliographical notes, signed, &quot;J[?]van[...?]&quot; on front free endpaper.</marc:subfield></marc:datafield><marc:datafield tag="590" ind1=" " ind2=" "><marc:subfield code="a">Later acid-mottled calf binding with printed fragments under pastedowns; evidence of finding tabs at the beginning of most of the Books; repaired; in a tailored box.</marc:subfield></marc:datafield><marc:datafield tag="590" ind1=" " ind2=" "><marc:subfield code="a">Purchased in 1914.</marc:subfield></marc:datafield><marc:datafield tag="655" ind1=" " ind2="7"><marc:subfield code="a">Annotations (Provenance)</marc:subfield><marc:subfield code="2">rbprov</marc:subfield></marc:datafield><marc:datafield tag="655" ind1=" " ind2="7"><marc:subfield code="a">Mottled calf bindings (Binding)</marc:subfield><marc:subfield code="2">rbbin</marc:subfield></marc:datafield><marc:datafield tag="655" ind1=" " ind2="7"><marc:subfield code="a">Printed waste (Binding)</marc:subfield><marc:subfield code="2">rbbin</marc:subfield></marc:datafield><marc:datafield tag="700" ind1="1" ind2=" "><marc:subfield code="a">Caimo, Joannes Robertus Gislenus,</marc:subfield><marc:subfield code="c">Bishop of Bruges,</marc:subfield><marc:subfield code="e">former owner.</marc:subfield></marc:datafield><marc:datafield tag="700" ind1="1" ind2=" "><marc:subfield code="a">Denos, C. H.,</marc:subfield><marc:subfield code="e">former owner.</marc:subfield></marc:datafield><marc:datafield tag="700" ind1="1" ind2=" "><marc:subfield code="a">Renner, Franz,</marc:subfield><marc:subfield code="d">fl. 1471-1483,</marc:subfield><marc:subfield code="e">printer.</marc:subfield></marc:datafield><marc:datafield tag="752" ind1="1" ind2="0"><marc:subfield code="d">Venice.</marc:subfield></marc:datafield><marc:datafield tag="852" ind1="8" ind2=" "><marc:subfield code="x">rev. knt 201207</marc:subfield></marc:datafield><marc:datafield tag="856" ind1="4" ind2="1"><marc:subfield code="u">http://luna.folger.edu/luna/servlet/s/4456vv</marc:subfield><marc:subfield code="z">Binding images and description for Folger Shakespeare Library INC B500</marc:subfield></marc:datafield><marc:datafield tag="950" ind1=" " ind2=" "><marc:subfield code="l">RARE</marc:subfield><marc:subfield code="h">05/17/94 C</marc:subfield></marc:datafield><marc:datafield tag="998" ind1=" " ind2=" "><marc:subfield code="a">12/06/94</marc:subfield><marc:subfield code="t">c</marc:subfield><marc:subfield code="s">9114</marc:subfield><marc:subfield code="n">DFo</marc:subfield><marc:subfield code="w">DCFG94B1930</marc:subfield><marc:subfield code="d">04/15/94</marc:subfield><marc:subfield code="c">ML</marc:subfield><marc:subfield code="b">MT</marc:subfield><marc:subfield code="l">DCFG</marc:subfield></marc:datafield></marc:record>