
<marc:record><marc:leader>03019cam a2200505 a 4500</marc:leader>
<marc:controlfield tag="001">89773</marc:controlfield>
<marc:controlfield tag="005">20120821162642.0</marc:controlfield><marc:controlfield tag="008">940425s1492    it            000 0 lat d</marc:controlfield><marc:datafield tag="010" ind1=" " ind2=" "><marc:subfield code="a">   78278508 </marc:subfield></marc:datafield><marc:datafield tag="035" ind1=" " ind2=" "><marc:subfield code="9">DCFG94-B2054</marc:subfield></marc:datafield><marc:datafield tag="040" ind1=" " ind2=" "><marc:subfield code="a">DLC</marc:subfield><marc:subfield code="e">bdrb</marc:subfield><marc:subfield code="c">TxU</marc:subfield><marc:subfield code="d">TxU</marc:subfield><marc:subfield code="d">RPB</marc:subfield><marc:subfield code="d">CStRLIN</marc:subfield><marc:subfield code="d">RPB</marc:subfield><marc:subfield code="d">DFo</marc:subfield></marc:datafield><marc:datafield tag="090" ind1=" " ind2=" "><marc:subfield code="b">INC B528</marc:subfield><marc:subfield code="n">:700-2 FOR OTHER EDITIONS, SEE MAIN ENTRY.</marc:subfield><marc:subfield code="t">7̃40</marc:subfield><marc:subfield code="t">7̃96-1</marc:subfield><marc:subfield code="t">7̃96-4</marc:subfield><marc:subfield code="i">11/14/94 X</marc:subfield><marc:subfield code="h">06/07/94 C</marc:subfield><marc:subfield code="h">05/17/94 C</marc:subfield></marc:datafield><marc:datafield tag="130" ind1="0" ind2=" "><marc:subfield code="a">Bible.</marc:subfield><marc:subfield code="l">Latin.</marc:subfield><marc:subfield code="s">Vulgate.</marc:subfield><marc:subfield code="f">1492.</marc:subfield></marc:datafield><marc:datafield tag="245" ind1="1" ind2="0"><marc:subfield code="a">Biblia.</marc:subfield></marc:datafield><marc:datafield tag="246" ind1="3" ind2="3"><marc:subfield code="a">Biblia latina</marc:subfield></marc:datafield><marc:datafield tag="260" ind1=" " ind2=" "><marc:subfield code="a">Impressa vero in felici Venetorum ciuitate :</marc:subfield><marc:subfield code="b">Sumptibus [et] arte Hieronymi de Paganinis Brixiensis,</marc:subfield><marc:subfield code="c">anno Gratie [7 Sept. 1492]</marc:subfield></marc:datafield><marc:datafield tag="300" ind1=" " ind2=" "><marc:subfield code="a">[1104] p. ;</marc:subfield><marc:subfield code="c">17 cm. (8vo)</marc:subfield></marc:datafield><marc:datafield tag="500" ind1=" " ind2=" "><marc:subfield code="a">Edited by Petrus Angelus de Monte Ulmi.</marc:subfield></marc:datafield><marc:datafield tag="500" ind1=" " ind2=" "><marc:subfield code="a">With the table of Gabriello Bruno.</marc:subfield></marc:datafield><marc:datafield tag="500" ind1=" " ind2=" "><marc:subfield code="a">Imprint from colophon (leaf Q12a) which gives date in Latin words.</marc:subfield></marc:datafield><marc:datafield tag="500" ind1=" " ind2=" "><marc:subfield code="a">Signatures: A¹⁰, a-2z⁸, [2nd]A-P⁸, Q¹², 1-4⁸, 5¹⁰ (2t4 signed 2t, I2 signed I3, I3 signed H3; P2 unsigned).</marc:subfield></marc:datafield><marc:datafield tag="500" ind1=" " ind2=" "><marc:subfield code="a">Printed in 2 columns.</marc:subfield></marc:datafield><marc:datafield tag="500" ind1=" " ind2=" "><marc:subfield code="a">Capital spaces.</marc:subfield></marc:datafield><marc:datafield tag="500" ind1=" " ind2=" "><marc:subfield code="a">Leaf a1r printed in red and black.</marc:subfield></marc:datafield><marc:datafield tag="500" ind1=" " ind2=" "><marc:subfield code="a">Includes register.</marc:subfield></marc:datafield><marc:datafield tag="510" ind1="4" ind2=" "><marc:subfield code="a">Goff</marc:subfield><marc:subfield code="c">B-594.</marc:subfield></marc:datafield><marc:datafield tag="510" ind1="4" ind2=" "><marc:subfield code="a">GW</marc:subfield><marc:subfield code="c">4271.</marc:subfield></marc:datafield><marc:datafield tag="510" ind1="4" ind2=" "><marc:subfield code="a">BM 15th cent.,</marc:subfield><marc:subfield code="c">V, p. 456 (IA.23309).</marc:subfield></marc:datafield><marc:datafield tag="510" ind1="4" ind2=" "><marc:subfield code="a">Darlow &amp; Moule,</marc:subfield><marc:subfield code="c">6087.</marc:subfield></marc:datafield><marc:datafield tag="590" ind1=" " ind2=" "><marc:subfield code="a">Folger copy: lacks leaf A1 (t.p. description provided from BM 15th cent.); lower pt. of leaf Q12 below colophon has been cut out; edges trimmed possibly affecting end of ownership inscription on leaf a1r; fore-edge of a few leaves has been repaired in 1st gathering.</marc:subfield></marc:datafield><marc:datafield tag="590" ind1=" " ind2=" "><marc:subfield code="a">Initials in blue paint with red penwork infill at beginning of gathering a, most of the others in alternate red and blue.</marc:subfield></marc:datafield><marc:datafield tag="590" ind1=" " ind2=" "><marc:subfield code="a">Ownership inscription in brown ink at head of leaf a1r &quot;Conue[n]t[u]s S. Dñici de Bono[...?]; other inscriptions on front flyleaf &quot;This Book bought at Delft in Holland, January 4th 1814, by Edward Spencer Curling No. 16--LXXX&quot;, and &quot;No. 126[...?]&quot; (partially covered by a torn label) in upper left corner; small label &quot;F.B. Goldney. Loan. No. 884&quot; on front pastedown; bookplate of W.T. Smedley; purchased in 1924.</marc:subfield></marc:datafield><marc:datafield tag="590" ind1=" " ind2=" "><marc:subfield code="a">Later vellum binding with gold tooling and gilt edges (R. Hynes); repaired; too fragile to microfilm.</marc:subfield></marc:datafield><marc:datafield tag="700" ind1="0" ind2=" "><marc:subfield code="a">Petrus Angelus,</marc:subfield><marc:subfield code="c">de Monte Ulmi.</marc:subfield></marc:datafield><marc:datafield tag="700" ind1="1" ind2=" "><marc:subfield code="a">Bruno, Gabriello.</marc:subfield></marc:datafield><marc:datafield tag="700" ind1="1" ind2=" "><marc:subfield code="a">Hynes, R.,</marc:subfield><marc:subfield code="e">binder.</marc:subfield></marc:datafield><marc:datafield tag="710" ind1="2" ind2=" "><marc:subfield code="a">Convento di San Domenico (Bologna, Italy),</marc:subfield><marc:subfield code="e">former owner.</marc:subfield></marc:datafield><marc:datafield tag="700" ind1="1" ind2=" "><marc:subfield code="a">Curling, Edward Spencer,</marc:subfield><marc:subfield code="d">fl. 1814,</marc:subfield><marc:subfield code="e">former owner.</marc:subfield></marc:datafield><marc:datafield tag="700" ind1="1" ind2=" "><marc:subfield code="a">Goldney, Francis Bennett,</marc:subfield><marc:subfield code="d">1865-1918,</marc:subfield><marc:subfield code="e">former owner.</marc:subfield></marc:datafield><marc:datafield tag="700" ind1="1" ind2=" "><marc:subfield code="a">Smedley, William T.</marc:subfield><marc:subfield code="q">(William Thomas),</marc:subfield><marc:subfield code="d">b. 1851,</marc:subfield><marc:subfield code="e">former owner.</marc:subfield></marc:datafield><marc:datafield tag="700" ind1="1" ind2=" "><marc:subfield code="a">Paganini, Girolamo de',</marc:subfield><marc:subfield code="d">fl. 1492-1497,</marc:subfield><marc:subfield code="e">printer.</marc:subfield></marc:datafield><marc:datafield tag="752" ind1="1" ind2="0"><marc:subfield code="d">Venice.</marc:subfield></marc:datafield><marc:datafield tag="856" ind1="4" ind2="1"><marc:subfield code="u">http://luna.folger.edu/luna/servlet/s/z5t167</marc:subfield><marc:subfield code="z">Binding images and description for Folger Shakespeare Library INC B528</marc:subfield></marc:datafield><marc:datafield tag="950" ind1=" " ind2=" "><marc:subfield code="l">RARE</marc:subfield><marc:subfield code="h">06/07/94 RL</marc:subfield><marc:subfield code="h">05/17/94 C</marc:subfield></marc:datafield><marc:datafield tag="998" ind1=" " ind2=" "><marc:subfield code="a">11/14/94</marc:subfield><marc:subfield code="t">c</marc:subfield><marc:subfield code="s">9115</marc:subfield><marc:subfield code="n">DFo</marc:subfield><marc:subfield code="w">DCFG94B2054</marc:subfield><marc:subfield code="d">04/25/94</marc:subfield><marc:subfield code="c">ML</marc:subfield><marc:subfield code="b">MT</marc:subfield><marc:subfield code="l">DCFG</marc:subfield></marc:datafield></marc:record>