
<marc:record><marc:leader>02999cam a2200457 a 4500</marc:leader>
<marc:controlfield tag="001">90287</marc:controlfield>
<marc:controlfield tag="005">20120822115638.0</marc:controlfield><marc:controlfield tag="008">950517s1485    it            001 0 lat d</marc:controlfield><marc:datafield tag="035" ind1=" " ind2=" "><marc:subfield code="9">DCFG95-B1525</marc:subfield></marc:datafield><marc:datafield tag="040" ind1=" " ind2=" "><marc:subfield code="a">DFo</marc:subfield><marc:subfield code="c">DFo</marc:subfield><marc:subfield code="e">dcrb</marc:subfield><marc:subfield code="d">UtOrBLW</marc:subfield></marc:datafield><marc:datafield tag="090" ind1=" " ind2=" "><marc:subfield code="b">INC M212</marc:subfield><marc:subfield code="f">cs848</marc:subfield><marc:subfield code="t">6̃30</marc:subfield><marc:subfield code="t">7̃55</marc:subfield><marc:subfield code="i">04/23/96 N</marc:subfield><marc:subfield code="h">05/25/95 C</marc:subfield></marc:datafield><marc:datafield tag="100" ind1="1" ind2=" "><marc:subfield code="a">Marchesinus, Johannes.</marc:subfield></marc:datafield><marc:datafield tag="240" ind1="1" ind2="0"><marc:subfield code="a">Mammotrectus super Bibliam</marc:subfield></marc:datafield><marc:datafield tag="245" ind1="1" ind2="0"><marc:subfield code="a">Prologus autoris in Mamotrectum.</marc:subfield></marc:datafield><marc:datafield tag="260" ind1=" " ind2=" "><marc:subfield code="a">Impresse Venetijs :</marc:subfield><marc:subfield code="b">[Gabriele Grassi] :</marc:subfield><marc:subfield code="b">Opera [et] impensis Francisci de Madijs,</marc:subfield><marc:subfield code="c">[not before 19 Nov.] 1485 ...</marc:subfield></marc:datafield><marc:datafield tag="300" ind1=" " ind2=" "><marc:subfield code="a">[484] p. (the first [2] p. blank) ;</marc:subfield><marc:subfield code="c">19 cm. (8vo)</marc:subfield></marc:datafield><marc:datafield tag="500" ind1=" " ind2=" "><marc:subfield code="a">Title from incipit of prologue (leaf a1r).</marc:subfield></marc:datafield><marc:datafield tag="500" ind1=" " ind2=" "><marc:subfield code="a">Imprint from colophon (leaf [rum] 9r) which ends with &quot;Principe marco barbadico&quot; (Barbarigo became Doge on 19 Nov. 1485), as in BM 15th cent. copy; printed by Gabriele Grassi (1st press). Cf. BM 15th cent.</marc:subfield></marc:datafield><marc:datafield tag="500" ind1=" " ind2=" "><marc:subfield code="a">Signatures: A-C⁸, a-z⁸, [et]⁸, [con]⁸, t̃⁸, [rum]¹⁰ (t2 signed t3, t3 unsigned; t̃3 signed t̃4).</marc:subfield></marc:datafield><marc:datafield tag="500" ind1=" " ind2=" "><marc:subfield code="a">Capital spaces, and Lombard capitals.</marc:subfield></marc:datafield><marc:datafield tag="500" ind1=" " ind2=" "><marc:subfield code="a">Printed in 2 columns.</marc:subfield></marc:datafield><marc:datafield tag="510" ind1="4" ind2=" "><marc:subfield code="a">Goff</marc:subfield><marc:subfield code="c">M-245.</marc:subfield></marc:datafield><marc:datafield tag="510" ind1="4" ind2=" "><marc:subfield code="a">BM 15th cent.,</marc:subfield><marc:subfield code="c">V, p. 333 (IA.22067) (var).</marc:subfield></marc:datafield><marc:datafield tag="510" ind1="4" ind2=" "><marc:subfield code="a">Hain-Copinger</marc:subfield><marc:subfield code="c">10564*.</marc:subfield></marc:datafield><marc:datafield tag="510" ind1="4" ind2=" "><marc:subfield code="a">Oates</marc:subfield><marc:subfield code="c">1898.5.</marc:subfield></marc:datafield><marc:datafield tag="500" ind1=" " ind2=" "><marc:subfield code="a">Includes index.</marc:subfield></marc:datafield><marc:datafield tag="590" ind1=" " ind2=" "><marc:subfield code="a">Folger copy: first leaf, blank, lacking; gathering t misbound reading: t1, t3 (unsigned), t2 (signed t3), t4, t5, t7, t6, t8.</marc:subfield></marc:datafield><marc:datafield tag="590" ind1=" " ind2=" "><marc:subfield code="a">A few manuscript notes in brown ink, some of them indicating misbinding in gathering t.</marc:subfield></marc:datafield><marc:datafield tag="590" ind1=" " ind2=" "><marc:subfield code="a">Bibliographic notes about this ed. in Italian and Latin on front pastedown, ending &quot;... a. 1766 ([?] Fabricius)&quot;; inscription at foot of leaf A2r, defaced, partially illegible &quot;Della libreria [...?]&quot;; another inscription at head of the same p. &quot;J. H. Hammond. Florence. 25th Nov. 1836&quot;, and bookplate &quot;James H. Hammond&quot; on back pastedown.</marc:subfield></marc:datafield><marc:datafield tag="590" ind1=" " ind2=" "><marc:subfield code="a">Original Italian sheep- or goatskin binding, blind tooled, with remains of a clasp on fore-edge catching on back cover, and evidence of a plate from a chain at foot of back cover; manuscript vellum fragments of statutes of a city with annotations (14th cent.?) previously used as pastedowns, at beginning and end of the book; black ink shelfmark at head of back cover &quot;N.[?] 26&quot;; edges stained red; rebacked.</marc:subfield></marc:datafield><marc:datafield tag="630" ind1="0" ind2="0"><marc:subfield code="a">Bible</marc:subfield><marc:subfield code="v">Dictionaries.</marc:subfield></marc:datafield><marc:datafield tag="655" ind1=" " ind2="7"><marc:subfield code="a">Sheepskin bindings (Binding)</marc:subfield><marc:subfield code="x">Italy</marc:subfield><marc:subfield code="y">15th century.</marc:subfield><marc:subfield code="2">rbbin</marc:subfield></marc:datafield><marc:datafield tag="655" ind1=" " ind2="7"><marc:subfield code="a">Goatskin bindings (Binding)</marc:subfield><marc:subfield code="z">Italy</marc:subfield><marc:subfield code="y">15th century.</marc:subfield><marc:subfield code="2">rbbin</marc:subfield></marc:datafield><marc:datafield tag="655" ind1=" " ind2="7"><marc:subfield code="a">Manuscript waste (Binding)</marc:subfield><marc:subfield code="2">rbbin</marc:subfield></marc:datafield><marc:datafield tag="700" ind1="1" ind2=" "><marc:subfield code="a">Hammond, James Henry,</marc:subfield><marc:subfield code="d">1807-1864,</marc:subfield><marc:subfield code="e">former owner.</marc:subfield></marc:datafield><marc:datafield tag="700" ind1="1" ind2=" "><marc:subfield code="a">Grassi, Gabriele,</marc:subfield><marc:subfield code="d">fl. 1481-1494,</marc:subfield><marc:subfield code="e">printer.</marc:subfield></marc:datafield><marc:datafield tag="700" ind1="1" ind2=" "><marc:subfield code="a">Madi, Francesco de',</marc:subfield><marc:subfield code="d">fl. 1481-1490,</marc:subfield><marc:subfield code="e">printer.</marc:subfield></marc:datafield><marc:datafield tag="752" ind1="1" ind2="0"><marc:subfield code="d">Venice.</marc:subfield></marc:datafield><marc:datafield tag="856" ind1="4" ind2="1"><marc:subfield code="u">http://luna.folger.edu/luna/servlet/s/195k2p</marc:subfield><marc:subfield code="z">Binding images and description for Folger Shakespeare Library INC M212</marc:subfield></marc:datafield><marc:datafield tag="950" ind1=" " ind2=" "><marc:subfield code="l">RARE</marc:subfield><marc:subfield code="h">05/25/95 C</marc:subfield></marc:datafield><marc:datafield tag="998" ind1=" " ind2=" "><marc:subfield code="a">04/23/96</marc:subfield><marc:subfield code="t">c</marc:subfield><marc:subfield code="s">9114</marc:subfield><marc:subfield code="n">DFo</marc:subfield><marc:subfield code="w">DCFG95B1525</marc:subfield><marc:subfield code="d">05/17/95</marc:subfield><marc:subfield code="c">ML</marc:subfield><marc:subfield code="b">ML</marc:subfield><marc:subfield code="l">DCFG</marc:subfield></marc:datafield></marc:record>