
<marc:record><marc:leader>03065cam a2200457 a 4500</marc:leader>
<marc:controlfield tag="001">90757</marc:controlfield>
<marc:controlfield tag="005">20110119170053.0</marc:controlfield><marc:controlfield tag="008">960418s1491    gw            000 0 lat d</marc:controlfield><marc:datafield tag="010" ind1=" " ind2=" "><marc:subfield code="a">   73021855 </marc:subfield></marc:datafield><marc:datafield tag="035" ind1=" " ind2=" "><marc:subfield code="9">DCFG96-B687</marc:subfield></marc:datafield><marc:datafield tag="040" ind1=" " ind2=" "><marc:subfield code="a">UPB</marc:subfield><marc:subfield code="c">UPB</marc:subfield><marc:subfield code="d">CStRLIN</marc:subfield><marc:subfield code="d">DFo</marc:subfield><marc:subfield code="e">dcrb</marc:subfield><marc:subfield code="d">UtOrBLW</marc:subfield></marc:datafield><marc:datafield tag="050" ind1="0" ind2="0"><marc:subfield code="a">Incun.1491</marc:subfield><marc:subfield code="b">.W24</marc:subfield></marc:datafield><marc:datafield tag="090" ind1=" " ind2=" "><marc:subfield code="a">INC W5</marc:subfield><marc:subfield code="f">cs1185</marc:subfield><marc:subfield code="i">04/30/96 C</marc:subfield></marc:datafield><marc:datafield tag="100" ind1="1" ind2=" "><marc:subfield code="a">Wann, Paul,</marc:subfield><marc:subfield code="d">ca. 1420-1489.</marc:subfield></marc:datafield><marc:datafield tag="240" ind1="1" ind2="0"><marc:subfield code="a">Sermones de tempore</marc:subfield></marc:datafield><marc:datafield tag="245" ind1="1" ind2="0"><marc:subfield code="a">Sermones magistri Pauli Wann de tempore.</marc:subfield></marc:datafield><marc:datafield tag="260" ind1=" " ind2=" "><marc:subfield code="a">Impressi ibidem [Passau]... :</marc:subfield><marc:subfield code="b">P[er] p[ro]uidum viru[m] Iohannem Petri nuncupatum,</marc:subfield><marc:subfield code="c">anno D[omi]ni M.cccc. nonagesimoprimo [1491]</marc:subfield></marc:datafield><marc:datafield tag="300" ind1=" " ind2=" "><marc:subfield code="a">[860] p. ;</marc:subfield><marc:subfield code="c">29 cm. (fol.)</marc:subfield></marc:datafield><marc:datafield tag="500" ind1=" " ind2=" "><marc:subfield code="a">Imprint from colophon, leaf ll 7v, which gives date of publication  before publisher statement.</marc:subfield></marc:datafield><marc:datafield tag="500" ind1=" " ind2=" "><marc:subfield code="a">Leaf [1a]: Incipit registru[m] super sermonibus de te[m]pore in eua[n]gelijs magistri Pauli wann Sacre theologie p[ro]fessoris eximij ...</marc:subfield></marc:datafield><marc:datafield tag="500" ind1=" " ind2=" "><marc:subfield code="a">Signatures: (1-4)⁸, (i-iiij)⁸, a-e⁸, f⁶, g-k⁸, l⁶, m-o⁸, p⁶, q-t⁸/⁶, v-y⁸, A⁸, B-G⁶, H-V⁸, X⁶, Y⁸, Z⁶, 2a-2c⁸, 2d⁶, 2e-2f⁸, 2g⁶, 2h⁸, 2i-2k⁶, 2l⁸.</marc:subfield></marc:datafield><marc:datafield tag="500" ind1=" " ind2=" "><marc:subfield code="a">Printed in double columns; capital spaces at the beginning of each sermon.</marc:subfield></marc:datafield><marc:datafield tag="500" ind1=" " ind2=" "><marc:subfield code="a">Leaves A1 and ll 8 are blank.</marc:subfield></marc:datafield><marc:datafield tag="510" ind1="4" ind2=" "><marc:subfield code="a">BM 15th cent,</marc:subfield><marc:subfield code="c">II, p. 618 (IB.11359).</marc:subfield></marc:datafield><marc:datafield tag="510" ind1="4" ind2=" "><marc:subfield code="a">Goff</marc:subfield><marc:subfield code="c">W-5.</marc:subfield></marc:datafield><marc:datafield tag="510" ind1="4" ind2=" "><marc:subfield code="a">Hain-Copinger</marc:subfield><marc:subfield code="c">16144*.</marc:subfield></marc:datafield><marc:datafield tag="590" ind1=" " ind2=" "><marc:subfield code="a">Folger copy lacks 1st gathering, first 5 leaves of 2nd gathering, and leaves A1 and ll 8, blank; edges cropped affecting manuscript notes; leaf A8 repaired, slightly affecting text.</marc:subfield></marc:datafield><marc:datafield tag="590" ind1=" " ind2=" "><marc:subfield code="a">Initials, paragraph marks, and capital strokes provided in red throughout; first initial in red with red penwork infill and margin extension (leaf a2r); a few notes and markings in margins, and an inscription below colophon in same paint &quot;Dilecte pr̃ orate pro me Iohanne Gabler sacerdote Anno dñi 1491&quot;.</marc:subfield></marc:datafield><marc:datafield tag="590" ind1=" " ind2=" "><marc:subfield code="a">Manuscript notes in brown ink in several hands, some in rubricator's handwriting, with fists and brackets, repeating Biblical references and mnemonic numbering in margins; references to liturgical Sundays in a later hand in headlines.</marc:subfield></marc:datafield><marc:datafield tag="590" ind1=" " ind2=" "><marc:subfield code="a">Inscription in a later hand on leaf s7v: &quot;M[?] Lutianus Delingerus&quot;; ownership inscription on recto of 1st leaf &quot;Ad Franciscanos Eggenfeld. Bibl. Super.&quot;; inscription &quot;Duplum&quot; on front flyleaf from the Bayerische Staatsbibliothek; bookplate of the Broxbourne family; purchased in 1923.</marc:subfield></marc:datafield><marc:datafield tag="590" ind1=" " ind2=" "><marc:subfield code="a">In a recent quarter leather binding with cloth sides; edges stained blue.</marc:subfield></marc:datafield><marc:datafield tag="655" ind1=" " ind2="7"><marc:subfield code="a">Annotations (Provenance)</marc:subfield><marc:subfield code="2">rbprov</marc:subfield></marc:datafield><marc:datafield tag="700" ind1="1" ind2=" "><marc:subfield code="a">Gabler, Johannes,</marc:subfield><marc:subfield code="d">fl. 1491,</marc:subfield><marc:subfield code="e">former owner.</marc:subfield></marc:datafield><marc:datafield tag="700" ind1="1" ind2=" "><marc:subfield code="a">Delingerus, Lutianus,</marc:subfield><marc:subfield code="e">former owner.</marc:subfield></marc:datafield><marc:datafield tag="710" ind1="2" ind2=" "><marc:subfield code="a">Franciscans (Eggenfelden, Germany),</marc:subfield><marc:subfield code="e">former owner.</marc:subfield></marc:datafield><marc:datafield tag="710" ind1="2" ind2=" "><marc:subfield code="a">Broxbourne Library,</marc:subfield><marc:subfield code="e">former owner.</marc:subfield></marc:datafield><marc:datafield tag="710" ind1="2" ind2=" "><marc:subfield code="a">Bayerische Staatsbibliothek,</marc:subfield><marc:subfield code="e">former owner.</marc:subfield></marc:datafield><marc:datafield tag="700" ind1="1" ind2=" "><marc:subfield code="a">Petri, Johann,</marc:subfield><marc:subfield code="d">fl. 1485-1498,</marc:subfield><marc:subfield code="e">printer.</marc:subfield></marc:datafield><marc:datafield tag="752" ind1="1" ind2="0"><marc:subfield code="d">Passau.</marc:subfield></marc:datafield><marc:datafield tag="950" ind1=" " ind2=" "><marc:subfield code="l">RARE</marc:subfield><marc:subfield code="i">04/30/96 C</marc:subfield></marc:datafield><marc:datafield tag="998" ind1=" " ind2=" "><marc:subfield code="a">04/30/96</marc:subfield><marc:subfield code="t">c</marc:subfield><marc:subfield code="s">9115</marc:subfield><marc:subfield code="n">DFo</marc:subfield><marc:subfield code="w">DCFG96B687</marc:subfield><marc:subfield code="d">04/18/96</marc:subfield><marc:subfield code="c">ML</marc:subfield><marc:subfield code="b">ML</marc:subfield><marc:subfield code="l">DCFG</marc:subfield></marc:datafield></marc:record>