
<marc:record><marc:leader>01710cam a2200409 a 4500</marc:leader>
<marc:controlfield tag="001">89590</marc:controlfield>
<marc:controlfield tag="005">20110119165955.0</marc:controlfield><marc:controlfield tag="008">940217s1491    it            000 0 ita d</marc:controlfield><marc:datafield tag="035" ind1=" " ind2=" "><marc:subfield code="9">DCFG94-B775</marc:subfield></marc:datafield><marc:datafield tag="035" ind1=" " ind2=" "><marc:subfield code="a">89590</marc:subfield></marc:datafield><marc:datafield tag="040" ind1=" " ind2=" "><marc:subfield code="a">DFo</marc:subfield><marc:subfield code="c">DFo</marc:subfield><marc:subfield code="e">dcrb</marc:subfield></marc:datafield><marc:datafield tag="041" ind1="1" ind2=" "><marc:subfield code="a">ita</marc:subfield><marc:subfield code="h">lat</marc:subfield></marc:datafield><marc:datafield tag="090" ind1=" " ind2=" "><marc:subfield code="b">INC A1182</marc:subfield><marc:subfield code="f">187360</marc:subfield><marc:subfield code="t">7̃40</marc:subfield><marc:subfield code="i">03/24/94 C</marc:subfield></marc:datafield><marc:datafield tag="240" ind1="1" ind2="0"><marc:subfield code="a">Soliloquia.</marc:subfield><marc:subfield code="l">Italian</marc:subfield></marc:datafield><marc:datafield tag="245" ind1="1" ind2="0"><marc:subfield code="a">Soliloquii di Sancto Augustino uulgari.</marc:subfield></marc:datafield><marc:datafield tag="246" ind1="3" ind2="3"><marc:subfield code="a">Soliloquii di Sancto Augustino vulgari</marc:subfield></marc:datafield><marc:datafield tag="246" ind1="3" ind2="3"><marc:subfield code="a">Dieci gradi al perfezione</marc:subfield></marc:datafield><marc:datafield tag="260" ind1=" " ind2=" "><marc:subfield code="a">Impressi in Firenze :</marc:subfield><marc:subfield code="b">[Lorenzo Morgiani and Johannes Petri],</marc:subfield><marc:subfield code="c">adi x. di nouembre, M.LXXXXI. [i.e. 1491]</marc:subfield></marc:datafield><marc:datafield tag="300" ind1=" " ind2=" "><marc:subfield code="a">[92] p. (the first [2] p. blank) ;</marc:subfield><marc:subfield code="c">22 cm. (4to)</marc:subfield></marc:datafield><marc:datafield tag="500" ind1=" " ind2=" "><marc:subfield code="a">Includes Dieci gradi al perfezione (leaves f3r-f4v).</marc:subfield></marc:datafield><marc:datafield tag="500" ind1=" " ind2=" "><marc:subfield code="a">Ornamental letter D on leaf a2r.</marc:subfield></marc:datafield><marc:datafield tag="500" ind1=" " ind2=" "><marc:subfield code="a">Large woodcut on t.p. (leaf a1r), depicting Saint Augustine in his study. Cf. Sander 692.</marc:subfield></marc:datafield><marc:datafield tag="500" ind1=" " ind2=" "><marc:subfield code="a">Place and date of publication from colophon; publisher statement from Goff.</marc:subfield></marc:datafield><marc:datafield tag="500" ind1=" " ind2=" "><marc:subfield code="a">Signatures: []², a-e⁸, f⁴.</marc:subfield></marc:datafield><marc:datafield tag="510" ind1="4" ind2=" "><marc:subfield code="a">Goff</marc:subfield><marc:subfield code="c">A-1329.</marc:subfield></marc:datafield><marc:datafield tag="510" ind1="4" ind2=" "><marc:subfield code="a">BM 15th cent.,</marc:subfield><marc:subfield code="c">VI, p. 681 (IA.27779).</marc:subfield></marc:datafield><marc:datafield tag="510" ind1="4" ind2=" "><marc:subfield code="a">GW</marc:subfield><marc:subfield code="c">3017.</marc:subfield></marc:datafield><marc:datafield tag="590" ind1=" " ind2=" "><marc:subfield code="a">Folger copy: 1st leaf, blank, lacking; some worming in parts of the vol., slightly affecting text.</marc:subfield></marc:datafield><marc:datafield tag="590" ind1=" " ind2=" "><marc:subfield code="a">In a recent red morocco binding.</marc:subfield></marc:datafield><marc:datafield tag="590" ind1=" " ind2=" "><marc:subfield code="a">Purchased in 1962.</marc:subfield></marc:datafield><marc:datafield tag="730" ind1="0" ind2="2"><marc:subfield code="a">Decem gradus quibus ad perfectionem venitur.</marc:subfield><marc:subfield code="l">Italian.</marc:subfield></marc:datafield><marc:datafield tag="700" ind1="1" ind2=" "><marc:subfield code="a">Petri, Johann,</marc:subfield><marc:subfield code="d">fl. 1472-1498,</marc:subfield><marc:subfield code="e">printer.</marc:subfield></marc:datafield><marc:datafield tag="700" ind1="1" ind2=" "><marc:subfield code="a">Morgiani, Lorenzo de',</marc:subfield><marc:subfield code="d">fl. 1490-1500,</marc:subfield><marc:subfield code="e">printer.</marc:subfield></marc:datafield><marc:datafield tag="752" ind1="1" ind2="0"><marc:subfield code="d">Florence.</marc:subfield></marc:datafield><marc:datafield tag="100" ind1="0" ind2=" "><marc:subfield code="a">Augustine,</marc:subfield><marc:subfield code="c">Saint, Bishop of Hippo.</marc:subfield></marc:datafield><marc:datafield tag="950" ind1=" " ind2=" "><marc:subfield code="l">RARE</marc:subfield><marc:subfield code="i">03/24/94 C</marc:subfield></marc:datafield><marc:datafield tag="998" ind1=" " ind2=" "><marc:subfield code="a">03/24/94</marc:subfield><marc:subfield code="t">c</marc:subfield><marc:subfield code="s">9114</marc:subfield><marc:subfield code="n">DFo</marc:subfield><marc:subfield code="w">DCFG94B775</marc:subfield><marc:subfield code="d">02/17/94</marc:subfield><marc:subfield code="b">MT</marc:subfield><marc:subfield code="l">DCFG</marc:subfield></marc:datafield></marc:record>