
<marc:record><marc:leader>02204cam a2200481 a 4500</marc:leader>
<marc:controlfield tag="001">90272</marc:controlfield>
<marc:controlfield tag="005">20120822120543.0</marc:controlfield><marc:controlfield tag="008">950413s1492    it a          000 0 lat d</marc:controlfield><marc:datafield tag="035" ind1=" " ind2=" "><marc:subfield code="9">DCFG95-B1178</marc:subfield></marc:datafield><marc:datafield tag="040" ind1=" " ind2=" "><marc:subfield code="a">DFo</marc:subfield><marc:subfield code="c">DFo</marc:subfield><marc:subfield code="e">dcrb</marc:subfield><marc:subfield code="d">UtOrBLW</marc:subfield></marc:datafield><marc:datafield tag="041" ind1="0" ind2=" "><marc:subfield code="a">latgrc</marc:subfield></marc:datafield><marc:datafield tag="090" ind1=" " ind2=" "><marc:subfield code="b">INC M8</marc:subfield><marc:subfield code="f">cs1998</marc:subfield><marc:subfield code="t">6̃00</marc:subfield><marc:subfield code="t">6̃90</marc:subfield><marc:subfield code="t">7̃40</marc:subfield><marc:subfield code="i">04/27/95 C</marc:subfield></marc:datafield><marc:datafield tag="100" ind1="1" ind2=" "><marc:subfield code="a">Macrobius, Ambrosius Aurelius Theodosius.</marc:subfield></marc:datafield><marc:datafield tag="240" ind1="0" ind2="0"><marc:subfield code="a">Commentarii in Somnium Scipionis</marc:subfield></marc:datafield><marc:datafield tag="245" ind1="1" ind2="0"><marc:subfield code="a">Somnium Scipionis ex Ciceronis libro De republica excerptum.</marc:subfield></marc:datafield><marc:datafield tag="260" ind1=" " ind2=" "><marc:subfield code="a">Impressi Venetiis :</marc:subfield><marc:subfield code="b">[Giovanni Rosso],</marc:subfield><marc:subfield code="c">anno Domini 1492 die xxviiii Iunii.</marc:subfield></marc:datafield><marc:datafield tag="300" ind1=" " ind2=" "><marc:subfield code="a">[1], LXXXIX [i.e. 90] :</marc:subfield><marc:subfield code="b">ill. (woodcuts) ;</marc:subfield><marc:subfield code="c">31 cm. (fol.)</marc:subfield></marc:datafield><marc:datafield tag="500" ind1=" " ind2=" "><marc:subfield code="a">Title from preface (leaf a2r).</marc:subfield></marc:datafield><marc:datafield tag="500" ind1=" " ind2=" "><marc:subfield code="a">Includes Saturnalia.</marc:subfield></marc:datafield><marc:datafield tag="500" ind1=" " ind2=" "><marc:subfield code="a">Imprint from colophon (leaf p4r).</marc:subfield></marc:datafield><marc:datafield tag="500" ind1=" " ind2=" "><marc:subfield code="a">Signatures: a⁸, b-f⁶, g⁶(-g6,+2), h-o⁶, p⁴.</marc:subfield></marc:datafield><marc:datafield tag="500" ind1=" " ind2=" "><marc:subfield code="a">Leaf a1 is blank.</marc:subfield></marc:datafield><marc:datafield tag="500" ind1=" " ind2=" "><marc:subfield code="a">Includes register.</marc:subfield></marc:datafield><marc:datafield tag="500" ind1=" " ind2=" "><marc:subfield code="a">Capital spaces.</marc:subfield></marc:datafield><marc:datafield tag="500" ind1=" " ind2=" "><marc:subfield code="a">The last leaf of quire g is cut away, a complete sheet of print being inserted in place of it outside the quiring.</marc:subfield></marc:datafield><marc:datafield tag="500" ind1=" " ind2=" "><marc:subfield code="a">Leaf g7 omitted in numbering.</marc:subfield></marc:datafield><marc:datafield tag="500" ind1=" " ind2=" "><marc:subfield code="a">Woodcut diagrams and map of the world.</marc:subfield></marc:datafield><marc:datafield tag="510" ind1="4" ind2=" "><marc:subfield code="a">Goff</marc:subfield><marc:subfield code="c">M-12.</marc:subfield></marc:datafield><marc:datafield tag="510" ind1="4" ind2=" "><marc:subfield code="a">BM 15th cent.,</marc:subfield><marc:subfield code="c">V, p. 417 (IB.23151).</marc:subfield></marc:datafield><marc:datafield tag="510" ind1="4" ind2=" "><marc:subfield code="a">Hain-Copinger,</marc:subfield><marc:subfield code="c">10429*.</marc:subfield></marc:datafield><marc:datafield tag="590" ind1=" " ind2=" "><marc:subfield code="a">Folger copy: leaf a1, blank, lacking.</marc:subfield></marc:datafield><marc:datafield tag="590" ind1=" " ind2=" "><marc:subfield code="a">A few finding notes in brown ink with some initials provided in same ink; a few notes in English and a distich in Latin on verso of back flyleaf.</marc:subfield></marc:datafield><marc:datafield tag="600" ind1="1" ind2="0"><marc:subfield code="a">Cicero, Marcus Tullius.</marc:subfield><marc:subfield code="t">Somnium Scipionis.</marc:subfield></marc:datafield><marc:datafield tag="655" ind1=" " ind2="7"><marc:subfield code="a">Illustrated works</marc:subfield><marc:subfield code="y">15th and 16th centuries.</marc:subfield><marc:subfield code="2">rbgenr</marc:subfield></marc:datafield><marc:datafield tag="700" ind1="1" ind2="2"><marc:subfield code="a">Macrobius, Ambrosius Aurelius Theodosius.</marc:subfield><marc:subfield code="t">Saturnalia.</marc:subfield><marc:subfield code="f">1492.</marc:subfield></marc:datafield><marc:datafield tag="740" ind1="0" ind2=" "><marc:subfield code="a">Somnivm Scipionis ex Ciceronis libro De repvblica excerptvm.</marc:subfield></marc:datafield><marc:datafield tag="740" ind1="0" ind2=" "><marc:subfield code="a">Saturnalia.</marc:subfield></marc:datafield><marc:datafield tag="740" ind1="0" ind2=" "><marc:subfield code="a">In somnium Scipionis expositio.</marc:subfield></marc:datafield><marc:datafield tag="700" ind1="1" ind2=" "><marc:subfield code="a">Rosso, Giovanni,</marc:subfield><marc:subfield code="d">fl. 1480-1519,</marc:subfield><marc:subfield code="e">printer.</marc:subfield></marc:datafield><marc:datafield tag="752" ind1="1" ind2="0"><marc:subfield code="d">Venice.</marc:subfield></marc:datafield><marc:datafield tag="856" ind1="4" ind2="1"><marc:subfield code="u">http://luna.folger.edu/luna/servlet/s/ud70bh</marc:subfield><marc:subfield code="z">Binding images and description for Folger Shakespeare Library INC M8 copy 1</marc:subfield></marc:datafield><marc:datafield tag="950" ind1=" " ind2=" "><marc:subfield code="l">RARE</marc:subfield><marc:subfield code="e">copy 1</marc:subfield><marc:subfield code="i">04/27/95 C</marc:subfield></marc:datafield><marc:datafield tag="998" ind1=" " ind2=" "><marc:subfield code="a">04/27/95</marc:subfield><marc:subfield code="t">c</marc:subfield><marc:subfield code="s">9114</marc:subfield><marc:subfield code="n">DFo</marc:subfield><marc:subfield code="w">DCFG95B1178</marc:subfield><marc:subfield code="d">04/13/95</marc:subfield><marc:subfield code="c">ML</marc:subfield><marc:subfield code="b">MT</marc:subfield><marc:subfield code="l">DCFG</marc:subfield></marc:datafield></marc:record>