
<marc:record><marc:leader>03584cam a2200517 a 4500</marc:leader>
<marc:controlfield tag="001">89377</marc:controlfield>
<marc:controlfield tag="005">20110119165950.0</marc:controlfield><marc:controlfield tag="008">931208s1495    it a          000 0 lat  </marc:controlfield><marc:datafield tag="010" ind1=" " ind2=" "><marc:subfield code="a">   47435323 </marc:subfield></marc:datafield><marc:datafield tag="035" ind1=" " ind2=" "><marc:subfield code="9">DCFG93-B15522</marc:subfield></marc:datafield><marc:datafield tag="035" ind1=" " ind2=" "><marc:subfield code="a">89377</marc:subfield></marc:datafield><marc:datafield tag="040" ind1=" " ind2=" "><marc:subfield code="a">UPB</marc:subfield><marc:subfield code="c">UPB</marc:subfield><marc:subfield code="e">dcrmb</marc:subfield><marc:subfield code="d">DFo</marc:subfield><marc:subfield code="d">UtOrBLW</marc:subfield></marc:datafield><marc:datafield tag="050" ind1="0" ind2="0"><marc:subfield code="a">Incun 1495.</marc:subfield><marc:subfield code="b">.A55 Rosenwald Coll.</marc:subfield></marc:datafield><marc:datafield tag="240" ind1="1" ind2="0"><marc:subfield code="a">Trialogus super Evangelio de duobus discipulis euntibus in Emmaus</marc:subfield></marc:datafield><marc:datafield tag="245" ind1="1" ind2="0"><marc:subfield code="a">Iesus, in hoc volumine continentur infrascripti tractatus :</marc:subfield><marc:subfield code="b">primo deuotissimus Trialogus Beati Antonini Archiep[iscop]i Florentini ordinis Predicatorum super Eua[n]gelio de duobus discipulis euntibus in Emaus, secu[n]do pulcherrimus Trialogus de co[n]te[m]ptu mu[n]di Fratris Baptiste de Finaria Ep[iscop]i Vintimiliensis ordinis eiusdem, tertio Epistola de tribus essentialibus votis religionis, [et] vtilissimus Tractatus de veris et falsis virtutibus Fratris Vmberti generalis magistri eiusde[m] ordinis.</marc:subfield></marc:datafield><marc:datafield tag="260" ind1=" " ind2=" "><marc:subfield code="a">Impressi Venetijs :</marc:subfield><marc:subfield code="b">Per Ioa[n]nem Emericum de Spira,</marc:subfield><marc:subfield code="c">anno Incarnatio[n]is 1495, sexto K[a]l[end]as Maij [26 April]</marc:subfield></marc:datafield><marc:datafield tag="300" ind1=" " ind2=" "><marc:subfield code="a">[300] p. :</marc:subfield><marc:subfield code="b">ill. (woodcuts) ;</marc:subfield><marc:subfield code="c">15 cm (8vo)</marc:subfield></marc:datafield><marc:datafield tag="500" ind1=" " ind2=" "><marc:subfield code="a">Includes the life of Antoninus by Francesco Castiglione and works by Bernard of Clairvaux and Girolamo Savonarola.</marc:subfield></marc:datafield><marc:datafield tag="500" ind1=" " ind2=" "><marc:subfield code="a">Printer's device on t.p.</marc:subfield></marc:datafield><marc:datafield tag="500" ind1=" " ind2=" "><marc:subfield code="a">Title and device of Luca-Antonio Giunta printed in red. Device of Johann Emerich in black on the final leaf.</marc:subfield></marc:datafield><marc:datafield tag="500" ind1=" " ind2=" "><marc:subfield code="a">Colophon from leaf s12r: In nomine sancte trinitatis isti tres tractatus vtilissimi feliciter expliciu[n]t. Impressi venetijs per Joa[n]nem Emericum de Spira. Anno incarnatio[n]is M.cccc.xcv. sexto k[a]l[end]as Maij.</marc:subfield></marc:datafield><marc:datafield tag="500" ind1=" " ind2=" "><marc:subfield code="a">Signatures: a-h⁸ i¹⁰ k-r⁸ s¹²; m3 signed 'm2', r4 unsigned.</marc:subfield></marc:datafield><marc:datafield tag="500" ind1=" " ind2=" "><marc:subfield code="a">Printed in double columns; some woodcut initials; three woodcuts of the saint; woodcut of the Journey to Emmaus on leaf a2v.</marc:subfield></marc:datafield><marc:datafield tag="500" ind1=" " ind2=" "><marc:subfield code="a">Gothic type.</marc:subfield></marc:datafield><marc:datafield tag="500" ind1=" " ind2=" "><marc:subfield code="a">Incipit in red.</marc:subfield></marc:datafield><marc:datafield tag="510" ind1="4" ind2=" "><marc:subfield code="a">Goff</marc:subfield><marc:subfield code="c">A-883</marc:subfield></marc:datafield><marc:datafield tag="510" ind1="4" ind2=" "><marc:subfield code="a">GW</marc:subfield><marc:subfield code="c">2203</marc:subfield></marc:datafield><marc:datafield tag="510" ind1="4" ind2=" "><marc:subfield code="a">BM 15th cent.,</marc:subfield><marc:subfield code="c">V, p. 540 (IA.24222)</marc:subfield></marc:datafield><marc:datafield tag="510" ind1="4" ind2=" "><marc:subfield code="a">Sander, M.  Le livre à figures italien depuis 1467 jusqu'à 1530,</marc:subfield><marc:subfield code="c">450</marc:subfield></marc:datafield><marc:datafield tag="630" ind1="0" ind2="0"><marc:subfield code="a">Bible.</marc:subfield><marc:subfield code="p">N.T.</marc:subfield><marc:subfield code="p">Luke XXIV, 13-32</marc:subfield><marc:subfield code="v">Commentaries.</marc:subfield></marc:datafield><marc:datafield tag="650" ind1=" " ind2="0"><marc:subfield code="a">Messiah</marc:subfield><marc:subfield code="x">Prophecies.</marc:subfield></marc:datafield><marc:datafield tag="700" ind1="1" ind2=" "><marc:subfield code="a">Castiglione, Francesco.</marc:subfield></marc:datafield><marc:datafield tag="700" ind1="1" ind2="2"><marc:subfield code="a">Giudici, Battista de',</marc:subfield><marc:subfield code="d">1428 or 9-1484.</marc:subfield><marc:subfield code="t">Trialogus de contemptu mundi.</marc:subfield><marc:subfield code="f">1495.</marc:subfield></marc:datafield><marc:datafield tag="730" ind1="0" ind2="2"><marc:subfield code="a">Paradisus animae.</marc:subfield></marc:datafield><marc:datafield tag="700" ind1="1" ind2="2"><marc:subfield code="a">Savonarola, Girolamo,</marc:subfield><marc:subfield code="d">1452-1498.</marc:subfield><marc:subfield code="t">Regulae septem ad omnes religiosos.</marc:subfield><marc:subfield code="f">1495.</marc:subfield></marc:datafield><marc:datafield tag="700" ind1="1" ind2="2"><marc:subfield code="a">Savonarola, Girolamo,</marc:subfield><marc:subfield code="d">1452-1498.</marc:subfield><marc:subfield code="t">Oratio vel Psalmus.</marc:subfield><marc:subfield code="f">1495.</marc:subfield></marc:datafield><marc:datafield tag="700" ind1="1" ind2=" "><marc:subfield code="a">Soncino, Vincenzo,</marc:subfield><marc:subfield code="e">former owner.</marc:subfield><marc:subfield code="5">DFo</marc:subfield></marc:datafield><marc:datafield tag="700" ind1="1" ind2=" "><marc:subfield code="a">Hammond, William Alexander,</marc:subfield><marc:subfield code="d">1828-1900,</marc:subfield><marc:subfield code="e">former owner.</marc:subfield><marc:subfield code="5">DFo</marc:subfield></marc:datafield><marc:datafield tag="700" ind1="1" ind2=" "><marc:subfield code="a">Giunta, Luca-Antonio,</marc:subfield><marc:subfield code="d">1457-1538,</marc:subfield><marc:subfield code="e">printer.</marc:subfield></marc:datafield><marc:datafield tag="700" ind1="1" ind2=" "><marc:subfield code="a">Emerich, Johann,</marc:subfield><marc:subfield code="d">fl. 1487-1506,</marc:subfield><marc:subfield code="e">printer.</marc:subfield></marc:datafield><marc:datafield tag="752" ind1=" " ind2=" "><marc:subfield code="a">Italy</marc:subfield><marc:subfield code="d">Venice.</marc:subfield></marc:datafield><marc:datafield tag="852" ind1="8" ind2=" "><marc:subfield code="b">DeckC-Rare</marc:subfield><marc:subfield code="h">INC A788</marc:subfield><marc:subfield code="j">145579</marc:subfield><marc:subfield code="x">MT 19931208; rev. DJL 201003</marc:subfield><marc:subfield code="z">inscriptions on t.p., defaced, illegible, one of them reading &quot;F. Vinc. Sonc. Episcopi Venetiani [...?] &quot; (for Vincenzo Soncino?); another mark of ownership on leaf s12r, also crossed out &quot;Con[uen]tus sti Jacobi ap[os]toli or[di]nis pre[dicatorum] [?]&quot;; manuscript note in pencil on front flyleaf &quot;Dr. William A. Hammond Rome Feb. 27th 1866&quot;; purchased in 1954.</marc:subfield></marc:datafield><marc:datafield tag="100" ind1="0" ind2=" "><marc:subfield code="a">Antoninus,</marc:subfield><marc:subfield code="c">Saint, Archbishop of Florence,</marc:subfield><marc:subfield code="d">1389-1459.</marc:subfield></marc:datafield><marc:datafield tag="600" ind1="0" ind2="0"><marc:subfield code="a">Antoninus,</marc:subfield><marc:subfield code="c">Saint, Archbishop of Florence,</marc:subfield><marc:subfield code="d">1389-1459.</marc:subfield></marc:datafield><marc:datafield tag="700" ind1="0" ind2=" "><marc:subfield code="a">Bernard,</marc:subfield><marc:subfield code="c">of Clairvaux, Saint,</marc:subfield><marc:subfield code="d">1090 or 91-1153.</marc:subfield></marc:datafield><marc:datafield tag="700" ind1="0" ind2="2"><marc:subfield code="a">Humbert,</marc:subfield><marc:subfield code="c">de Romans,</marc:subfield><marc:subfield code="d">1194?-1277.</marc:subfield><marc:subfield code="t">De tribus votis substantialibus religiosorum.</marc:subfield><marc:subfield code="f">1495.</marc:subfield></marc:datafield></marc:record>