
<marc:record><marc:leader>03274cam a2200493 a 4500</marc:leader>
<marc:controlfield tag="001">90353</marc:controlfield>
<marc:controlfield tag="005">20110119170026.0</marc:controlfield><marc:controlfield tag="008">950828s1496    sz            000 0 lat  </marc:controlfield><marc:datafield tag="010" ind1=" " ind2=" "><marc:subfield code="a">   72201002 </marc:subfield></marc:datafield><marc:datafield tag="035" ind1=" " ind2=" "><marc:subfield code="9">DCFG95-B1989</marc:subfield></marc:datafield><marc:datafield tag="035" ind1=" " ind2=" "><marc:subfield code="a">90353</marc:subfield></marc:datafield><marc:datafield tag="040" ind1=" " ind2=" "><marc:subfield code="a">UPB</marc:subfield><marc:subfield code="c">UPB</marc:subfield><marc:subfield code="d">DFo</marc:subfield><marc:subfield code="e">dcrb</marc:subfield><marc:subfield code="d">UtOrBLW</marc:subfield></marc:datafield><marc:datafield tag="050" ind1=" " ind2="0"><marc:subfield code="a">Incun.1496</marc:subfield><marc:subfield code="b">.P49</marc:subfield></marc:datafield><marc:datafield tag="090" ind1=" " ind2=" "><marc:subfield code="b">INC P324</marc:subfield><marc:subfield code="n">:SL A few manuscript notes and underlining in pencil.</marc:subfield><marc:subfield code="f">144411</marc:subfield><marc:subfield code="t">7̃40</marc:subfield><marc:subfield code="i">08/29/95 C</marc:subfield></marc:datafield><marc:datafield tag="100" ind1="1" ind2=" "><marc:subfield code="a">Petrarca, Francesco,</marc:subfield><marc:subfield code="d">1304-1374.</marc:subfield></marc:datafield><marc:datafield tag="240" ind1="1" ind2="0"><marc:subfield code="a">Selections.</marc:subfield><marc:subfield code="l">Latin.</marc:subfield><marc:subfield code="f">1496</marc:subfield></marc:datafield><marc:datafield tag="245" ind1="1" ind2="0"><marc:subfield code="a">Librorum Francisci Petrarchae Basileae impressorum annotatio.</marc:subfield></marc:datafield><marc:datafield tag="260" ind1=" " ind2=" "><marc:subfield code="a">Impressis Basileae :</marc:subfield><marc:subfield code="b">Per magistrum Ioannem de Amerbach,</marc:subfield><marc:subfield code="c">anno Salutiferi Virginalis partus, [1496]</marc:subfield></marc:datafield><marc:datafield tag="300" ind1=" " ind2=" "><marc:subfield code="a">[778] p. (the last [2] p. blank) ;</marc:subfield><marc:subfield code="c">28 cm. (fol.)</marc:subfield></marc:datafield><marc:datafield tag="500" ind1=" " ind2=" "><marc:subfield code="a">On the verso of the t.p. are Elegiacs: De commendatione Impressionis Fran-/cisci Petrarchae Elogiū Sebastiani Brant.</marc:subfield></marc:datafield><marc:datafield tag="500" ind1=" " ind2=" "><marc:subfield code="a">First collected ed. of the works of Petrarch.</marc:subfield></marc:datafield><marc:datafield tag="500" ind1=" " ind2=" "><marc:subfield code="a">Imprint from colophon (leaf [4th]b10r), which gives date of publication in Latin words.</marc:subfield></marc:datafield><marc:datafield tag="500" ind1=" " ind2=" "><marc:subfield code="a">Signatures: A⁸, B⁶, C⁸; A⁸, B-D⁶, E⁸, F⁴; a-f⁸/⁶, g¹⁰, h⁸, i-l⁶, m⁸, n-p⁶, q⁸; a⁸, b-c⁶; a¹⁰(a2 + 1 leaf signed aij), b⁶, c⁸, d-e⁶, f-g⁸; aa⁸, bb¹⁰; A-K⁸/⁶, L⁸, M¹⁰; a⁶, b¹⁰; A⁸, B⁶, C⁸.</marc:subfield></marc:datafield><marc:datafield tag="500" ind1=" " ind2=" "><marc:subfield code="a">Printed in a single column, 55 lines and headline per page. Spaces with guide letters left for capitals.</marc:subfield></marc:datafield><marc:datafield tag="500" ind1=" " ind2=" "><marc:subfield code="a">Signatures in 3rd gathering &quot;a&quot; read: a, a2, aij (inserted), a2, a3, a4, a5, followed by 4 unsigned leaves.</marc:subfield></marc:datafield><marc:datafield tag="500" ind1=" " ind2=" "><marc:subfield code="a">Roman type.</marc:subfield></marc:datafield><marc:datafield tag="510" ind1="4" ind2=" "><marc:subfield code="a">Goff</marc:subfield><marc:subfield code="c">P-365.</marc:subfield></marc:datafield><marc:datafield tag="510" ind1="4" ind2=" "><marc:subfield code="a">BM 15th cent.,</marc:subfield><marc:subfield code="c">III, p. 757 (IB.37389).</marc:subfield></marc:datafield><marc:datafield tag="510" ind1="4" ind2=" "><marc:subfield code="a">Hain-Copinger,</marc:subfield><marc:subfield code="c">12749.</marc:subfield></marc:datafield><marc:datafield tag="590" ind1=" " ind2=" "><marc:subfield code="a">Folger copy lacks leaf A1 in last gathering A, and leaves C7 and C8 (the last blank) in last gathering C; like in British Museum copies, gathering F of the 2nd section, the De vera sapientia, has been bound following the order of contents, after the Secretum; edges trimmed, affecting a few manuscript notes.</marc:subfield></marc:datafield><marc:datafield tag="590" ind1=" " ind2=" "><marc:subfield code="a">Some manuscript notes, underlining, and fists pencilled in parts of the book; manuscript verse in brown ink on t.p. of the &quot;De remediis utriusque fortunae&quot; in praise of the work; other early notes (mostly scribbles) and list of names, including &quot;Thomas Browne, Izabell Bywater, William Bramhame&quot; (leaf B6v in last gathering B), and &quot;Nathaniell Lemynge&quot; (leaf h1v) in Richard Garforth's handwriting.</marc:subfield></marc:datafield><marc:datafield tag="590" ind1=" " ind2=" "><marc:subfield code="a">Inscription on leaf E7v &quot;Richarde Garforthe is my name and&quot;; autographs on t.p. &quot;Matthew Wilson&quot; and &quot;Tho: Wilkinsen&quot;; small spade shield booklabel at head of front pastedown bearing inscription &quot;M12&quot;</marc:subfield></marc:datafield><marc:datafield tag="590" ind1=" " ind2=" "><marc:subfield code="a">In a seventeenth century calf binding; evidence of finding tabs on t.p. of a few works.</marc:subfield></marc:datafield><marc:datafield tag="590" ind1=" " ind2=" "><marc:subfield code="a">Purchased in 1954.</marc:subfield></marc:datafield><marc:datafield tag="655" ind1=" " ind2="7"><marc:subfield code="a">Annotations (Provenance)</marc:subfield><marc:subfield code="2">rbprov</marc:subfield></marc:datafield><marc:datafield tag="700" ind1="1" ind2=" "><marc:subfield code="a">Brant, Sebastian,</marc:subfield><marc:subfield code="d">1458-1521.</marc:subfield></marc:datafield><marc:datafield tag="740" ind1="0" ind2=" "><marc:subfield code="a">Opera Latina.</marc:subfield></marc:datafield><marc:datafield tag="700" ind1="1" ind2=" "><marc:subfield code="a">Wilson, Matthew,</marc:subfield><marc:subfield code="e">former owner.</marc:subfield></marc:datafield><marc:datafield tag="700" ind1="1" ind2=" "><marc:subfield code="a">Wilkinson, Thomas,</marc:subfield><marc:subfield code="e">former owner.</marc:subfield></marc:datafield><marc:datafield tag="700" ind1="1" ind2=" "><marc:subfield code="a">Garforth, Richard,</marc:subfield><marc:subfield code="e">former owner.</marc:subfield></marc:datafield><marc:datafield tag="700" ind1="1" ind2=" "><marc:subfield code="a">Amerbach, Johannes,</marc:subfield><marc:subfield code="d">1441?-1513,</marc:subfield><marc:subfield code="e">printer.</marc:subfield></marc:datafield><marc:datafield tag="752" ind1="1" ind2="0"><marc:subfield code="d">Basel.</marc:subfield></marc:datafield><marc:datafield tag="950" ind1=" " ind2=" "><marc:subfield code="l">RARE</marc:subfield><marc:subfield code="i">08/29/95 C</marc:subfield></marc:datafield><marc:datafield tag="998" ind1=" " ind2=" "><marc:subfield code="a">08/29/95</marc:subfield><marc:subfield code="t">c</marc:subfield><marc:subfield code="s">9115</marc:subfield><marc:subfield code="n">DFo</marc:subfield><marc:subfield code="w">DCFG95B1989</marc:subfield><marc:subfield code="d">08/28/95</marc:subfield><marc:subfield code="c">ML</marc:subfield><marc:subfield code="b">MT</marc:subfield><marc:subfield code="l">DCFG</marc:subfield></marc:datafield></marc:record>