
<marc:record><marc:leader>02867cam a2200481 a 4500</marc:leader>
<marc:controlfield tag="001">90331</marc:controlfield>
<marc:controlfield tag="005">20120822121212.0</marc:controlfield><marc:controlfield tag="008">950814s1494    it            000 0 lat d</marc:controlfield><marc:datafield tag="035" ind1=" " ind2=" "><marc:subfield code="9">DCFG95-B1908</marc:subfield></marc:datafield><marc:datafield tag="040" ind1=" " ind2=" "><marc:subfield code="a">DFo</marc:subfield><marc:subfield code="c">DFo</marc:subfield><marc:subfield code="e">dcrb</marc:subfield></marc:datafield><marc:datafield tag="090" ind1=" " ind2=" "><marc:subfield code="b">INC O130</marc:subfield><marc:subfield code="n">:SL Bound following Ovid's Heroides (Venice : Bartholomaeus de Zanis, 1507), and preceeding INC O182.</marc:subfield><marc:subfield code="f">cs292</marc:subfield><marc:subfield code="t">7̃40</marc:subfield><marc:subfield code="i">01/26/96 N</marc:subfield><marc:subfield code="h">08/30/95 C</marc:subfield></marc:datafield><marc:datafield tag="240" ind1="1" ind2="0"><marc:subfield code="a">Ars amatoria</marc:subfield></marc:datafield><marc:datafield tag="245" ind1="1" ind2="0"><marc:subfield code="a">Ouidius De arte amandi ; et De remedio amoris, cum comento.</marc:subfield></marc:datafield><marc:datafield tag="260" ind1=" " ind2=" "><marc:subfield code="a">Impressit Venetiis :</marc:subfield><marc:subfield code="b">Vir solers &amp; industrius Ioannes de Tridino alias Tacuinus,</marc:subfield><marc:subfield code="c">anno Salutis 1494, tertio Nonas Iulias [5 July] ...</marc:subfield></marc:datafield><marc:datafield tag="300" ind1=" " ind2=" "><marc:subfield code="a">LI [i.e. 55], [1] leaves ;</marc:subfield><marc:subfield code="c">31 cm. (fol.)</marc:subfield></marc:datafield><marc:datafield tag="500" ind1=" " ind2=" "><marc:subfield code="a">Edited by Bartolomaeus Merula.</marc:subfield></marc:datafield><marc:datafield tag="500" ind1=" " ind2=" "><marc:subfield code="a">Imprint from colophon (leaf C3v).</marc:subfield></marc:datafield><marc:datafield tag="500" ind1=" " ind2=" "><marc:subfield code="a">Signatures: a-g⁶, A⁶, B-C⁴.</marc:subfield></marc:datafield><marc:datafield tag="500" ind1=" " ind2=" "><marc:subfield code="a">Printer's device at end (later state as described in BM 15th cent. V, p. 527 and Kristeller 326).</marc:subfield></marc:datafield><marc:datafield tag="500" ind1=" " ind2=" "><marc:subfield code="a">Woodcut initials.</marc:subfield></marc:datafield><marc:datafield tag="500" ind1=" " ind2=" "><marc:subfield code="a">Leaves 53 and 55 misnumbered &quot;LI&quot;.</marc:subfield></marc:datafield><marc:datafield tag="500" ind1=" " ind2=" "><marc:subfield code="a">Includes register.</marc:subfield></marc:datafield><marc:datafield tag="500" ind1=" " ind2=" "><marc:subfield code="a">Text surrounded by commentary.</marc:subfield></marc:datafield><marc:datafield tag="510" ind1="4" ind2=" "><marc:subfield code="a">Goff</marc:subfield><marc:subfield code="c">O-143.</marc:subfield></marc:datafield><marc:datafield tag="510" ind1="4" ind2=" "><marc:subfield code="a">Hain</marc:subfield><marc:subfield code="c">12220*.</marc:subfield></marc:datafield><marc:datafield tag="510" ind1="4" ind2=" "><marc:subfield code="a">Walsh</marc:subfield><marc:subfield code="c">2552.</marc:subfield></marc:datafield><marc:datafield tag="590" ind1=" " ind2=" "><marc:subfield code="a">Folger copy: capital strokes and brackets in red ink on leaves a2v and a3r.</marc:subfield></marc:datafield><marc:datafield tag="590" ind1=" " ind2=" "><marc:subfield code="a">A manuscript note in brown ink, slightly affected by cropping of edges, with brackets, at end of the text (leaf C3r).</marc:subfield></marc:datafield><marc:datafield tag="590" ind1=" " ind2=" "><marc:subfield code="a">Bookplate &quot;From the Sunderland Library, Blenheim Palace. Purchased July [crossed out and corrected to] Nov. 1882 By Bernard Quaritch [...]&quot; (no. 9164 in the Puttick &amp; Simpson sale catalog, 1881-1883); shelfmark of the Sunderland Library on front flyleaf, reading: C3:82; armorial bookplate &quot;Henry White J.P. D.L. F.S.A.&quot;; purchased in 1904.</marc:subfield></marc:datafield><marc:datafield tag="590" ind1=" " ind2=" "><marc:subfield code="a">In a 17th century calf binding, gold tooled.</marc:subfield></marc:datafield><marc:datafield tag="590" ind1=" " ind2=" "><marc:subfield code="a">With: Ovid. Epistole Heroides Ouidii cum co[m]mentariis Antonii Volsci et Vbertini Clerici ... Impressum Venetiis : Per Bartholomeum de Za[n]nis ..., 1507 die xx. mensis Decembris -- Ovid. Ouidius De tristibus cum commento. I[m]pressit Venetiis : Vir diligentissimus ... Ioannes de Cereto de Tridino ..., anno Salutis 1499, die xxvi. Martii ...</marc:subfield></marc:datafield><marc:datafield tag="700" ind1="1" ind2=" "><marc:subfield code="a">Merula, Bartholomaeus.</marc:subfield></marc:datafield><marc:datafield tag="740" ind1="0" ind2=" "><marc:subfield code="a">De arte amandi.</marc:subfield></marc:datafield><marc:datafield tag="740" ind1="0" ind2=" "><marc:subfield code="a">Ovidivs De arte amandi et De remedio amoris cvm comento.</marc:subfield></marc:datafield><marc:datafield tag="700" ind1="1" ind2=" "><marc:subfield code="a">White, Henry,</marc:subfield><marc:subfield code="e">former owner.</marc:subfield></marc:datafield><marc:datafield tag="710" ind1="2" ind2=" "><marc:subfield code="a">Sunderland library,</marc:subfield><marc:subfield code="e">former owner.</marc:subfield></marc:datafield><marc:datafield tag="700" ind1="1" ind2=" "><marc:subfield code="a">Tacuino, Giovanni,</marc:subfield><marc:subfield code="d">fl. 1492-1541,</marc:subfield><marc:subfield code="e">printer.</marc:subfield></marc:datafield><marc:datafield tag="752" ind1="1" ind2="0"><marc:subfield code="d">Venice.</marc:subfield></marc:datafield><marc:datafield tag="100" ind1="0" ind2=" "><marc:subfield code="a">Ovid,</marc:subfield><marc:subfield code="d">43 B.C.-17 or 18 A.D.</marc:subfield></marc:datafield><marc:datafield tag="700" ind1="0" ind2="2"><marc:subfield code="a">Ovid,</marc:subfield><marc:subfield code="d">43 B.C.-17 or 18 A.D.</marc:subfield><marc:subfield code="t">Remedia amoris.</marc:subfield><marc:subfield code="f">1494.</marc:subfield></marc:datafield><marc:datafield tag="856" ind1="4" ind2="1"><marc:subfield code="u">http://luna.folger.edu/luna/servlet/s/uv46z6</marc:subfield><marc:subfield code="z">Binding images and description for Folger Shakespeare Library INC O130</marc:subfield></marc:datafield><marc:datafield tag="950" ind1=" " ind2=" "><marc:subfield code="l">RARE</marc:subfield><marc:subfield code="h">08/30/95 C</marc:subfield></marc:datafield><marc:datafield tag="998" ind1=" " ind2=" "><marc:subfield code="a">01/26/96</marc:subfield><marc:subfield code="t">c</marc:subfield><marc:subfield code="s">9114</marc:subfield><marc:subfield code="n">DFo</marc:subfield><marc:subfield code="w">DCFG95B1908</marc:subfield><marc:subfield code="d">08/14/95</marc:subfield><marc:subfield code="c">ML</marc:subfield><marc:subfield code="b">MT</marc:subfield><marc:subfield code="l">DCFG</marc:subfield></marc:datafield></marc:record>