
<marc:record><marc:leader>02299cam a2200385 a 4500</marc:leader>
<marc:controlfield tag="001">90305</marc:controlfield>
<marc:controlfield tag="005">20120822120258.0</marc:controlfield><marc:controlfield tag="008">950630s1487    it            000 0 ita d</marc:controlfield><marc:datafield tag="035" ind1=" " ind2=" "><marc:subfield code="9">DCFG95-B1750</marc:subfield></marc:datafield><marc:datafield tag="040" ind1=" " ind2=" "><marc:subfield code="a">DFo</marc:subfield><marc:subfield code="c">DFo</marc:subfield><marc:subfield code="e">dcrb</marc:subfield></marc:datafield><marc:datafield tag="090" ind1=" " ind2=" "><marc:subfield code="b">INC M357</marc:subfield><marc:subfield code="f">cs933</marc:subfield><marc:subfield code="t">6̃00</marc:subfield><marc:subfield code="t">7̃96-1</marc:subfield><marc:subfield code="i">07/28/95 C</marc:subfield></marc:datafield><marc:datafield tag="100" ind1="1" ind2=" "><marc:subfield code="a">Mazza, Clemente.</marc:subfield></marc:datafield><marc:datafield tag="240" ind1="1" ind2="0"><marc:subfield code="a">Vita di San Zenobio</marc:subfield></marc:datafield><marc:datafield tag="245" ind1="1" ind2="0"><marc:subfield code="a">Clemens Mazze plebanus atq[ue] theologus fratri in [Christ]o optimo Philippo Zenobii de Girolamis ciui generoso Florentino, De uita sanctissimi uiri Zenobii Episcopi Florentini et eiusdem Philippi stipitis ac confortis ...</marc:subfield></marc:datafield><marc:datafield tag="260" ind1=" " ind2=" "><marc:subfield code="a">Impresso in Firenze :</marc:subfield><marc:subfield code="b">[Bartolommeo de' Libri],</marc:subfield><marc:subfield code="c">adi 8 di dicembre 1487.</marc:subfield></marc:datafield><marc:datafield tag="300" ind1=" " ind2=" "><marc:subfield code="a">[92] p. ;</marc:subfield><marc:subfield code="c">21 cm. (4to)</marc:subfield></marc:datafield><marc:datafield tag="500" ind1=" " ind2=" "><marc:subfield code="a">Title from incipit (leaf a1r).</marc:subfield></marc:datafield><marc:datafield tag="500" ind1=" " ind2=" "><marc:subfield code="a">Imprint from colophon (leaf f6v); publisher statement from Goff.</marc:subfield></marc:datafield><marc:datafield tag="500" ind1=" " ind2=" "><marc:subfield code="a">Signatures: a-e⁸, f⁶ (a2 unsigned).</marc:subfield></marc:datafield><marc:datafield tag="500" ind1=" " ind2=" "><marc:subfield code="a">Capital spaces with guide letters.</marc:subfield></marc:datafield><marc:datafield tag="510" ind1="4" ind2=" "><marc:subfield code="a">Goff</marc:subfield><marc:subfield code="c">M-417.</marc:subfield></marc:datafield><marc:datafield tag="510" ind1="4" ind2=" "><marc:subfield code="a">BM 15th cent.,</marc:subfield><marc:subfield code="c">VI, p. 648 (IA.27268).</marc:subfield></marc:datafield><marc:datafield tag="510" ind1="4" ind2=" "><marc:subfield code="a">BN incun.,</marc:subfield><marc:subfield code="c">M-263.</marc:subfield></marc:datafield><marc:datafield tag="590" ind1=" " ind2=" "><marc:subfield code="a">Folger copy: leaf a1 damaged, slightly affecting text.</marc:subfield></marc:datafield><marc:datafield tag="590" ind1=" " ind2=" "><marc:subfield code="a">Ownership inscription on leaf a1r, incomplete from cropping of edge, reading: &quot;Questa uita di scõ Zenobi ho dus[?] Sforzo da do[...?]&quot;; another inscription on verso of last leaf, reading: &quot;Questo libro della ujta d[e]l glorioso [...] Zenobio é d[?] dus[?] sforzo dj domenico dacaste[...?] scõ g[iovann]i diualdarno oggi g[iorn]o dj 22 dj maggi. i540&quot;; booklabel of George Dunn, with his initials, date &quot;Oct. 1902&quot; and notes pencilled on front free endpaper (no. 3460 in the Sotheby sale catalog of his library, Nov. 1917); purchased in 1921.</marc:subfield></marc:datafield><marc:datafield tag="590" ind1=" " ind2=" "><marc:subfield code="a">In a red morocco binding, blind- and gold tooled (Leighton).</marc:subfield></marc:datafield><marc:datafield tag="700" ind1="1" ind2=" "><marc:subfield code="a">Sforzo di Domenico,</marc:subfield><marc:subfield code="d">fl. 1540,</marc:subfield><marc:subfield code="e">former owner.</marc:subfield></marc:datafield><marc:datafield tag="700" ind1="1" ind2=" "><marc:subfield code="a">Dunn, George,</marc:subfield><marc:subfield code="d">1864-1912,</marc:subfield><marc:subfield code="e">former owner.</marc:subfield></marc:datafield><marc:datafield tag="700" ind1="1" ind2=" "><marc:subfield code="a">Libri, Bartolommeo di,</marc:subfield><marc:subfield code="d">fl. 1482-1511,</marc:subfield><marc:subfield code="e">printer.</marc:subfield></marc:datafield><marc:datafield tag="752" ind1="1" ind2="0"><marc:subfield code="d">Florence.</marc:subfield></marc:datafield><marc:datafield tag="600" ind1="0" ind2="0"><marc:subfield code="a">Zenobius,</marc:subfield><marc:subfield code="c">Saint, Bishop of Florence,</marc:subfield><marc:subfield code="d">d. 417?</marc:subfield></marc:datafield><marc:datafield tag="700" ind1="1" ind2=" "><marc:subfield code="a">Leighton,</marc:subfield><marc:subfield code="e">binder.</marc:subfield></marc:datafield><marc:datafield tag="856" ind1="4" ind2="1"><marc:subfield code="u">http://luna.folger.edu/luna/servlet/s/740uz8</marc:subfield><marc:subfield code="z">Binding images and description for Folger Shakespeare Library INC M357</marc:subfield></marc:datafield><marc:datafield tag="950" ind1=" " ind2=" "><marc:subfield code="l">RARE</marc:subfield><marc:subfield code="i">07/28/95 C</marc:subfield></marc:datafield><marc:datafield tag="998" ind1=" " ind2=" "><marc:subfield code="a">07/28/95</marc:subfield><marc:subfield code="t">c</marc:subfield><marc:subfield code="s">9114</marc:subfield><marc:subfield code="n">DFo</marc:subfield><marc:subfield code="w">DCFG95B1750</marc:subfield><marc:subfield code="d">06/30/95</marc:subfield><marc:subfield code="c">ML</marc:subfield><marc:subfield code="b">MT</marc:subfield><marc:subfield code="l">DCFG</marc:subfield></marc:datafield></marc:record>