
<marc:record><marc:leader>03345cam a2200457 i 4500</marc:leader>
<marc:controlfield tag="001">92652</marc:controlfield>
<marc:controlfield tag="005">20120822121341.0</marc:controlfield><marc:controlfield tag="008">920908q1494    it            000 0 ita d</marc:controlfield><marc:datafield tag="035" ind1=" " ind2=" "><marc:subfield code="a">(CStRLIN)DCFG92-B5531</marc:subfield></marc:datafield><marc:datafield tag="035" ind1=" " ind2=" "><marc:subfield code="a">92652</marc:subfield></marc:datafield><marc:datafield tag="040" ind1=" " ind2=" "><marc:subfield code="a">DFo</marc:subfield><marc:subfield code="c">DFo</marc:subfield><marc:subfield code="e">dcrb</marc:subfield><marc:subfield code="d">UtOrBLW</marc:subfield></marc:datafield><marc:datafield tag="090" ind1=" " ind2=" "><marc:subfield code="b">\INC\P1021</marc:subfield><marc:subfield code="n">#31</marc:subfield><marc:subfield code="i">09/13/96 N</marc:subfield><marc:subfield code="h">09/03/96 N</marc:subfield><marc:subfield code="h">11/28/95 N</marc:subfield><marc:subfield code="h">11/22/95 N</marc:subfield><marc:subfield code="h">10/23/92 N</marc:subfield><marc:subfield code="h">10/09/92 C</marc:subfield></marc:datafield><marc:datafield tag="100" ind1="1" ind2=" "><marc:subfield code="a">Pulci, Luigi,</marc:subfield><marc:subfield code="d">1432-1484.</marc:subfield></marc:datafield><marc:datafield tag="240" ind1="1" ind2="0"><marc:subfield code="a">Morgante</marc:subfield></marc:datafield><marc:datafield tag="245" ind1="1" ind2="0"><marc:subfield code="a">Finito il libro appellato Morga[n]te maggiore /</marc:subfield><marc:subfield code="c">facto come e decto al principio da Luigi de Pulci ad petitio[n]e della excellentissima mona Lucretia di Piero di Cosimo de Medici ... ritracto dallo originale uero &amp; riueduto &amp; correcto dal proprio auctore che iddio felicemente co[n]serui &amp; dia piacere a chi lege con salute della anima &amp; del corpo.</marc:subfield></marc:datafield><marc:datafield tag="246" ind1="3" ind2=" "><marc:subfield code="a">Finito il libro appellato Morgante maggiore</marc:subfield></marc:datafield><marc:datafield tag="246" ind1="3" ind2=" "><marc:subfield code="a">Finito il libro appellato Morgate maggiore</marc:subfield></marc:datafield><marc:datafield tag="260" ind1=" " ind2=" "><marc:subfield code="a">Impresso in Venesia :</marc:subfield><marc:subfield code="b">Per Matheo di Codeca da Parma,</marc:subfield><marc:subfield code="c">della[n]no della Incarnatione del nostro Sgnore [sic] Iesu Christo, 1449 [i.e. 1494?], adi xvi Aprile.</marc:subfield></marc:datafield><marc:datafield tag="300" ind1=" " ind2=" "><marc:subfield code="a">[416] p. ;</marc:subfield><marc:subfield code="c">22 cm. (4to)</marc:subfield></marc:datafield><marc:datafield tag="500" ind1=" " ind2=" "><marc:subfield code="a">In verse.</marc:subfield></marc:datafield><marc:datafield tag="500" ind1=" " ind2=" "><marc:subfield code="a">Description based on Folger copy, which lacks t.p. and leaves a8, x7 and [rum]12 (blank?).</marc:subfield></marc:datafield><marc:datafield tag="500" ind1=" " ind2=" "><marc:subfield code="a">Title and imprint from colophon, which reads: Finito il libro appellato Morga[n]te maggiore ... Impresso in Venesia ... della[n]no ... Mccccxxxxviiii ... Ritracto dello originale uero &amp; riueduto ... dal proprio auctore ...</marc:subfield></marc:datafield><marc:datafield tag="500" ind1=" " ind2=" "><marc:subfield code="a">Signatures: a-z⁸, &amp;⁸, [con]⁸, [rum]¹².</marc:subfield></marc:datafield><marc:datafield tag="500" ind1=" " ind2=" "><marc:subfield code="a">On the interpretation of the date of publication (&quot;Mccccxxxxviiii&quot;), see F.R. Goff in BSA 34 (1940), p. 85.</marc:subfield></marc:datafield><marc:datafield tag="500" ind1=" " ind2=" "><marc:subfield code="a">Dimensions of the printed p. (b1r): 40 lines, 163 (166)x114 mm.</marc:subfield></marc:datafield><marc:datafield tag="500" ind1=" " ind2=" "><marc:subfield code="a">Capital spaces (3, 2 and 1 lines) with guide letters at beginning of each canto.</marc:subfield></marc:datafield><marc:datafield tag="500" ind1=" " ind2=" "><marc:subfield code="a">Types correspond to description of 80 R. as given in BM 15th cent., V, p. 482-483 (Plate XXXVIII*).</marc:subfield></marc:datafield><marc:datafield tag="510" ind1="4" ind2=" "><marc:subfield code="a">Goff</marc:subfield><marc:subfield code="c">P-1124</marc:subfield></marc:datafield><marc:datafield tag="510" ind1="4" ind2=" "><marc:subfield code="a">IGI</marc:subfield><marc:subfield code="c">8228</marc:subfield></marc:datafield><marc:datafield tag="510" ind1="4" ind2=" "><marc:subfield code="a">Marinis, T. de.  Appunti e ricerche bibliografiche,</marc:subfield><marc:subfield code="c">51</marc:subfield></marc:datafield><marc:datafield tag="655" ind1=" " ind2="7"><marc:subfield code="a">Clasps (Binding)</marc:subfield><marc:subfield code="2">rbbin</marc:subfield></marc:datafield><marc:datafield tag="655" ind1=" " ind2="7"><marc:subfield code="a">Annotations (Provenance)</marc:subfield><marc:subfield code="2">rbprov</marc:subfield></marc:datafield><marc:datafield tag="655" ind1=" " ind2="7"><marc:subfield code="a">Goatskin bindings (Binding)</marc:subfield><marc:subfield code="z">Italy</marc:subfield><marc:subfield code="y">15th century.</marc:subfield><marc:subfield code="2">rbbin</marc:subfield></marc:datafield><marc:datafield tag="740" ind1="0" ind2=" "><marc:subfield code="a">Morga[n]te maggiore.</marc:subfield></marc:datafield><marc:datafield tag="700" ind1="1" ind2=" "><marc:subfield code="a">Smedley, William T.</marc:subfield><marc:subfield code="q">(William Thomas),</marc:subfield><marc:subfield code="d">b. 1851,</marc:subfield><marc:subfield code="e">former owner.</marc:subfield><marc:subfield code="5">DFo</marc:subfield></marc:datafield><marc:datafield tag="700" ind1="1" ind2=" "><marc:subfield code="a">Capcasa, Matteo,</marc:subfield><marc:subfield code="e">printer.</marc:subfield></marc:datafield><marc:datafield tag="752" ind1=" " ind2=" "><marc:subfield code="a">Italy</marc:subfield><marc:subfield code="d">Venice.</marc:subfield></marc:datafield><marc:datafield tag="856" ind1="4" ind2="1"><marc:subfield code="u">http://luna.folger.edu/luna/servlet/s/lx443w</marc:subfield><marc:subfield code="z">Binding images and description for Folger Shakespeare Library INC P1021</marc:subfield></marc:datafield><marc:datafield tag="876" ind1=" " ind2=" "><marc:subfield code="z">Imperfect: leaves a1, a8, x7, and [rum]12 (blank?) lacking; a made-up copy, with gathering a, ruled in red, from a different copy. Numbering of each canto has been added by hand in headlines (except in 1st gathering); also a few markings and manuscript notes. In a 15th cent. Italian binding, goatskin on wooden boards, blind tooled with individual stamps and fillet borders; central motif repaired on both covers in brown goatskin, possibly at the place of a boss; evidence of 4 clasps and of 4 bosses; remains of red wax (or leather? previously bearing a small circular stamp?) at head of back pastedown. Bookplate of W.T. Smedley; purchased in 1924.</marc:subfield></marc:datafield><marc:datafield tag="998" ind1=" " ind2=" "><marc:subfield code="a">09/13/96</marc:subfield><marc:subfield code="t">c</marc:subfield><marc:subfield code="s">9114</marc:subfield><marc:subfield code="l">DCFG</marc:subfield><marc:subfield code="n">DFo</marc:subfield><marc:subfield code="w">DCFG92B5531</marc:subfield><marc:subfield code="d">09/08/92</marc:subfield><marc:subfield code="c">ML</marc:subfield><marc:subfield code="b">ML</marc:subfield></marc:datafield><marc:datafield tag="950" ind1=" " ind2=" "><marc:subfield code="l">RARE</marc:subfield><marc:subfield code="h">10/09/92 C</marc:subfield></marc:datafield></marc:record>