
<marc:record><marc:leader>02803cam a2200481 a 4500</marc:leader>
<marc:controlfield tag="001">89145</marc:controlfield>
<marc:controlfield tag="005">20110119165944.0</marc:controlfield><marc:controlfield tag="008">931012s1485    it            000 0 lat d</marc:controlfield><marc:datafield tag="035" ind1=" " ind2=" "><marc:subfield code="9">DCFG93-B14535</marc:subfield></marc:datafield><marc:datafield tag="040" ind1=" " ind2=" "><marc:subfield code="a">DFo</marc:subfield><marc:subfield code="c">DFo</marc:subfield><marc:subfield code="e">dcrb</marc:subfield><marc:subfield code="d">UtOrBLW</marc:subfield></marc:datafield><marc:datafield tag="090" ind1=" " ind2=" "><marc:subfield code="b">INC A216</marc:subfield><marc:subfield code="n">20 A few pencil drawings in lower margins.</marc:subfield><marc:subfield code="f">cs1998</marc:subfield><marc:subfield code="t">6̃50</marc:subfield><marc:subfield code="t">7̃00</marc:subfield><marc:subfield code="i">10/20/93 C</marc:subfield></marc:datafield><marc:datafield tag="240" ind1="1" ind2="0"><marc:subfield code="a">Compendium theologicae veritatis</marc:subfield></marc:datafield><marc:datafield tag="245" ind1="1" ind2="0"><marc:subfield code="a">Incipit Prologus in Compendium theologice veritatis.</marc:subfield></marc:datafield><marc:datafield tag="260" ind1=" " ind2=" "><marc:subfield code="a">Impressu[m]q[ue] Venetijs :</marc:subfield><marc:subfield code="b">[Per] Gabriele[m] Grassis de Papia,</marc:subfield><marc:subfield code="c">1485, die xiiij. Iunij.</marc:subfield></marc:datafield><marc:datafield tag="300" ind1=" " ind2=" "><marc:subfield code="a">[196] p. ;</marc:subfield><marc:subfield code="c">21 cm. (4to)</marc:subfield></marc:datafield><marc:datafield tag="500" ind1=" " ind2=" "><marc:subfield code="a">This ed. has shortened ending. Cf. Goff.</marc:subfield></marc:datafield><marc:datafield tag="500" ind1=" " ind2=" "><marc:subfield code="a">Also attributed to Hugo Argentinensis. Cf. Grabmann, M. Mittelalterliches Geistesleben, I, p. 174-185.</marc:subfield></marc:datafield><marc:datafield tag="500" ind1=" " ind2=" "><marc:subfield code="a">Title from incipit on leaf a2r, reading: In nomine sanctissime [et] indiuidue trinitatis. Incipit prologus in Compendium theologice veritatis.</marc:subfield></marc:datafield><marc:datafield tag="500" ind1=" " ind2=" "><marc:subfield code="a">Imprint from colophon, which reads: Explicit compendium theologice veritatis compilatum per Albertum magnum impressu[m]q[ue] Venetijs. [per] Gabriele[m] grassis de papia. Mcccc.lxxxv. die xiiij. Iunij.</marc:subfield></marc:datafield><marc:datafield tag="500" ind1=" " ind2=" "><marc:subfield code="a">Signatures: a-l⁸ m¹⁰.</marc:subfield></marc:datafield><marc:datafield tag="500" ind1=" " ind2=" "><marc:subfield code="a">Printed in 2 columns.</marc:subfield></marc:datafield><marc:datafield tag="500" ind1=" " ind2=" "><marc:subfield code="a">Incipit printed in red.</marc:subfield></marc:datafield><marc:datafield tag="500" ind1=" " ind2=" "><marc:subfield code="a">Capital spaces, most of them with guide letters.</marc:subfield></marc:datafield><marc:datafield tag="510" ind1="4" ind2=" "><marc:subfield code="a">Goff</marc:subfield><marc:subfield code="c">A-238.</marc:subfield></marc:datafield><marc:datafield tag="510" ind1="4" ind2=" "><marc:subfield code="a">BM 15th century</marc:subfield><marc:subfield code="c">V, p. 333.</marc:subfield></marc:datafield><marc:datafield tag="510" ind1="4" ind2=" "><marc:subfield code="a">GW</marc:subfield><marc:subfield code="c">606.</marc:subfield></marc:datafield><marc:datafield tag="510" ind1="4" ind2=" "><marc:subfield code="a">Hain-Copinger,</marc:subfield><marc:subfield code="c">*441.</marc:subfield></marc:datafield><marc:datafield tag="590" ind1=" " ind2=" "><marc:subfield code="a">Folger copy: Leaf a1, blank, lacking.</marc:subfield></marc:datafield><marc:datafield tag="590" ind1=" " ind2=" "><marc:subfield code="a">Initials rubricated alternately red and blue; paragraph marks at head of most chapters, often in the same color as the preceeding initial; on leaf a2r, 4-line red initial with brown penwork infill and extensions; red initial with blue penwork at beginning of 2nd book (leaf b8r).</marc:subfield></marc:datafield><marc:datafield tag="590" ind1=" " ind2=" "><marc:subfield code="a">Few manuscript notes in brown ink, and finding marks: on leaf b5v (&quot;De predestinatione&quot;), with a fist; on leaves e4v-e6r (&quot;De effectu peccati&quot;) with fists and underlining, and on leaves g2, k6, and l2. Numbering of books added in upper margin. Manuscript mark of ownership at head of leaf a2r has been erased.</marc:subfield></marc:datafield><marc:datafield tag="590" ind1=" " ind2=" "><marc:subfield code="a">Evidence of finding tabs (vellum manuscript waste) on the tail of 1st leaf of each book; one remaining tab on leaf h7.</marc:subfield></marc:datafield><marc:datafield tag="590" ind1=" " ind2=" "><marc:subfield code="a">Purchased in 1915.</marc:subfield></marc:datafield><marc:datafield tag="650" ind1=" " ind2="0"><marc:subfield code="a">Theology, Doctrinal.</marc:subfield></marc:datafield><marc:datafield tag="650" ind1=" " ind2="0"><marc:subfield code="a">Ethics.</marc:subfield></marc:datafield><marc:datafield tag="655" ind1=" " ind2="7"><marc:subfield code="a">Annotations (Provenance)</marc:subfield><marc:subfield code="2">rbprov</marc:subfield></marc:datafield><marc:datafield tag="655" ind1=" " ind2="7"><marc:subfield code="a">Fists (Provenance)</marc:subfield><marc:subfield code="2">rbprov</marc:subfield></marc:datafield><marc:datafield tag="655" ind1=" " ind2="7"><marc:subfield code="a">Underscoring (Provenance)</marc:subfield><marc:subfield code="2">rbprov</marc:subfield></marc:datafield><marc:datafield tag="700" ind1="1" ind2=" "><marc:subfield code="a">Grassi, Gabriele,</marc:subfield><marc:subfield code="d">fl. 1481-1494,</marc:subfield><marc:subfield code="e">printer.</marc:subfield></marc:datafield><marc:datafield tag="752" ind1="1" ind2="0"><marc:subfield code="d">Venice.</marc:subfield></marc:datafield><marc:datafield tag="100" ind1="0" ind2=" "><marc:subfield code="a">Albertus,</marc:subfield><marc:subfield code="c">Magnus, Saint,</marc:subfield><marc:subfield code="d">1193?-1280.</marc:subfield></marc:datafield><marc:datafield tag="700" ind1="0" ind2=" "><marc:subfield code="a">Hugo,</marc:subfield><marc:subfield code="c">Argentinensis,</marc:subfield><marc:subfield code="d">ca. 1210-ca. 1270.</marc:subfield></marc:datafield><marc:datafield tag="950" ind1=" " ind2=" "><marc:subfield code="l">RARE</marc:subfield><marc:subfield code="e">Copy 1</marc:subfield><marc:subfield code="i">10/20/93 C</marc:subfield></marc:datafield><marc:datafield tag="998" ind1=" " ind2=" "><marc:subfield code="a">10/20/93</marc:subfield><marc:subfield code="t">c</marc:subfield><marc:subfield code="s">9114</marc:subfield><marc:subfield code="n">DFo</marc:subfield><marc:subfield code="w">DCFG93B14535</marc:subfield><marc:subfield code="d">10/12/93</marc:subfield><marc:subfield code="c">ML</marc:subfield><marc:subfield code="b">MT</marc:subfield><marc:subfield code="l">DCFG</marc:subfield></marc:datafield></marc:record>