
<marc:record><marc:leader>03802cam a2200505 a 4500</marc:leader>
<marc:controlfield tag="001">90279</marc:controlfield>
<marc:controlfield tag="005">20120822120436.0</marc:controlfield><marc:controlfield tag="008">950424s1494    it            000 0 lat d</marc:controlfield><marc:datafield tag="035" ind1=" " ind2=" "><marc:subfield code="9">DCFG95-B1274</marc:subfield></marc:datafield><marc:datafield tag="040" ind1=" " ind2=" "><marc:subfield code="a">DFo</marc:subfield><marc:subfield code="c">DFo</marc:subfield><marc:subfield code="e">dcrb</marc:subfield><marc:subfield code="d">UtOrBLW</marc:subfield></marc:datafield><marc:datafield tag="090" ind1=" " ind2=" "><marc:subfield code="b">INC M78</marc:subfield><marc:subfield code="t">6̃50</marc:subfield><marc:subfield code="t">7̃40</marc:subfield><marc:subfield code="t">7̃55</marc:subfield><marc:subfield code="i">04/28/95 C</marc:subfield></marc:datafield><marc:datafield tag="240" ind1="1" ind2="0"><marc:subfield code="a">Selections.</marc:subfield><marc:subfield code="f">1493</marc:subfield></marc:datafield><marc:datafield tag="245" ind1="1" ind2="0"><marc:subfield code="a">Scias tamen quicunque legis quod in opere isto non ponuntur dominicales sermones sicut in titulo huius libri promitebatur :</marc:subfield><marc:subfield code="b">quod quidem factum est ut nimia operis magnitudo euitetur illos tame[n] alio in uolumine imprimendos dimissimus.</marc:subfield></marc:datafield><marc:datafield tag="260" ind1=" " ind2=" "><marc:subfield code="a">Impressu[m] Venetijs :</marc:subfield><marc:subfield code="b">Per Pelegrinum de Pasqualibus Bononien[sem],</marc:subfield><marc:subfield code="c">anno D[omi]ni i.493 die vero xj. Februarij in die carnis priuij [i.e. 11 Febr. 1494?]</marc:subfield></marc:datafield><marc:datafield tag="300" ind1=" " ind2=" "><marc:subfield code="a">[10], 241 [i.e. 247], [1] leaves ;</marc:subfield><marc:subfield code="c">22 cm. (4to)</marc:subfield></marc:datafield><marc:datafield tag="500" ind1=" " ind2=" "><marc:subfield code="a">Incipit (leaf a1r) reads: Sermones de laudibus sancto[rum] [et] dominicales per totum annu[m] cu[m] aliq[ui]bus tractatib[us] vtilimis pro predica[n]di officio p[er] ... magistri Fra[n]cisci d[e] Mayro[n]is ordinis Mino[rum] ...</marc:subfield></marc:datafield><marc:datafield tag="500" ind1=" " ind2=" "><marc:subfield code="a">Imprint from colophon (leaf E7v).</marc:subfield></marc:datafield><marc:datafield tag="500" ind1=" " ind2=" "><marc:subfield code="a">Signatures: (1-5)¹⁰, a-z⁸, [et]⁸, [con]⁸, [rum]⁸, A-E⁸.</marc:subfield></marc:datafield><marc:datafield tag="500" ind1=" " ind2=" "><marc:subfield code="a">Leaf a1 printed in red and black.</marc:subfield></marc:datafield><marc:datafield tag="500" ind1=" " ind2=" "><marc:subfield code="a">Printed in 2 columns.</marc:subfield></marc:datafield><marc:datafield tag="500" ind1=" " ind2=" "><marc:subfield code="a">Capital spaces, some with guide letters.</marc:subfield></marc:datafield><marc:datafield tag="500" ind1=" " ind2=" "><marc:subfield code="a">Includes register.</marc:subfield></marc:datafield><marc:datafield tag="500" ind1=" " ind2=" "><marc:subfield code="a">Numerous errors in numbering of leaves.</marc:subfield></marc:datafield><marc:datafield tag="510" ind1="4" ind2=" "><marc:subfield code="a">Goff</marc:subfield><marc:subfield code="c">M-93.</marc:subfield></marc:datafield><marc:datafield tag="510" ind1="4" ind2=" "><marc:subfield code="a">BM 15th cent.,</marc:subfield><marc:subfield code="c">V, p. 392 (IA.22291).</marc:subfield></marc:datafield><marc:datafield tag="510" ind1="4" ind2=" "><marc:subfield code="a">Polain</marc:subfield><marc:subfield code="c">1514.</marc:subfield></marc:datafield><marc:datafield tag="510" ind1="4" ind2=" "><marc:subfield code="a">Hain</marc:subfield><marc:subfield code="c">10531*.</marc:subfield></marc:datafield><marc:datafield tag="500" ind1=" " ind2=" "><marc:subfield code="a">Includes: Tractatus super Pater Noster; De poenitentia; De articulis fidei; Super Magnificat; De corpore Christi; De septem donis Spiritus Sancti; De ultimo judicio; Super missus est.</marc:subfield></marc:datafield><marc:datafield tag="590" ind1=" " ind2=" "><marc:subfield code="a">Folger copy: early manuscript notes with brackets, paragraph marks, underlining, and markings in several hands in brown ink in many sermons; manuscript addition of subject contents in upper right corner of recto of most leaves containing annotations; manuscript corrections in text (some in margins).</marc:subfield></marc:datafield><marc:datafield tag="590" ind1=" " ind2=" "><marc:subfield code="a">Manuscript paper fragment (remaining from previous front pastedown) reading: &quot;[...?] patri et fratri Fra[...?] In conuentu Iporegie&quot;; inscription on same pastedown, reading &quot;Hic liber impressus Venetiis anno 1493 erat Conventus S. Bernardini prope Caravagium Iosephus Carolus Crotta Olirocchi [?] in[?] Mediolani acquisivit cum multis aliis libris impressis eodem seculo, et lectoris pii precibus se commendat&quot;; top of first and last leaves (bearing ownership inscriptions?) has been cut off; inscription &quot;S. Bo.&quot; on lower edge, and &quot;Carao.&quot; on top edge; bookplate of W.T. Smedley; purchased in 1924.</marc:subfield></marc:datafield><marc:datafield tag="590" ind1=" " ind2=" "><marc:subfield code="a">Early sheepskin cover blind tooled with triple fillet rolls forming an overall criscross pattern, on original paste boards; remains of 5 ties and of several early repairs; manuscript fragment remaining from early front pastedown.</marc:subfield></marc:datafield><marc:datafield tag="650" ind1=" " ind2="0"><marc:subfield code="a">Church year sermons.</marc:subfield></marc:datafield><marc:datafield tag="655" ind1=" " ind2="7"><marc:subfield code="a">Annotations (Provenance)</marc:subfield><marc:subfield code="2">rbprov</marc:subfield></marc:datafield><marc:datafield tag="655" ind1=" " ind2="7"><marc:subfield code="a">Sheepskin bindings (Binding)</marc:subfield><marc:subfield code="z">Italy</marc:subfield><marc:subfield code="y">15th century.</marc:subfield></marc:datafield><marc:datafield tag="740" ind1="0" ind2=" "><marc:subfield code="a">Sermones de sanctis.</marc:subfield></marc:datafield><marc:datafield tag="740" ind1="0" ind2=" "><marc:subfield code="a">Sermones de laudibus sancto[rum] [et] dominicales.</marc:subfield></marc:datafield><marc:datafield tag="710" ind1="1" ind2=" "><marc:subfield code="a">Caravaggio (Italy).</marc:subfield><marc:subfield code="b">Conventus S. Bernardini,</marc:subfield><marc:subfield code="e">former owner.</marc:subfield></marc:datafield><marc:datafield tag="700" ind1="1" ind2=" "><marc:subfield code="a">Olirocchi, Josephus Carolus Crotta,</marc:subfield><marc:subfield code="e">former owner.</marc:subfield></marc:datafield><marc:datafield tag="700" ind1="1" ind2=" "><marc:subfield code="a">Smedley, William T.</marc:subfield><marc:subfield code="q">(William Thomas),</marc:subfield><marc:subfield code="d">b. 1851,</marc:subfield><marc:subfield code="e">former owner.</marc:subfield></marc:datafield><marc:datafield tag="700" ind1="1" ind2=" "><marc:subfield code="a">Pasquali, Pellegrino,</marc:subfield><marc:subfield code="d">fl. 1482-1500,</marc:subfield><marc:subfield code="e">printer.</marc:subfield></marc:datafield><marc:datafield tag="752" ind1="1" ind2="0"><marc:subfield code="d">Venice.</marc:subfield></marc:datafield><marc:datafield tag="100" ind1="0" ind2=" "><marc:subfield code="a">Franciscus,</marc:subfield><marc:subfield code="c">de Mayronis,</marc:subfield><marc:subfield code="d">ca. 1285-ca. 1328.</marc:subfield></marc:datafield><marc:datafield tag="856" ind1="4" ind2="1"><marc:subfield code="u">http://luna.folger.edu/luna/servlet/s/99q139</marc:subfield><marc:subfield code="z">Binding images and description for Folger Shakespeare Library INC M78 copy 2</marc:subfield></marc:datafield><marc:datafield tag="950" ind1=" " ind2=" "><marc:subfield code="l">RARE</marc:subfield><marc:subfield code="e">copy 2</marc:subfield><marc:subfield code="i">04/28/95 C</marc:subfield></marc:datafield><marc:datafield tag="998" ind1=" " ind2=" "><marc:subfield code="a">04/28/95</marc:subfield><marc:subfield code="t">c</marc:subfield><marc:subfield code="s">9114</marc:subfield><marc:subfield code="n">DFo</marc:subfield><marc:subfield code="w">DCFG95B1274</marc:subfield><marc:subfield code="d">04/24/95</marc:subfield><marc:subfield code="c">ML</marc:subfield><marc:subfield code="b">MT</marc:subfield><marc:subfield code="l">DCFG</marc:subfield></marc:datafield></marc:record>