
<marc:record><marc:leader>03343cam a2200529 a 4500</marc:leader>
<marc:controlfield tag="001">89160</marc:controlfield>
<marc:controlfield tag="005">20110119165945.0</marc:controlfield><marc:controlfield tag="008">931015s1489    fr            001 0 lat d</marc:controlfield><marc:datafield tag="035" ind1=" " ind2=" "><marc:subfield code="9">DCFG93-B14605</marc:subfield></marc:datafield><marc:datafield tag="035" ind1=" " ind2=" "><marc:subfield code="a">89160</marc:subfield></marc:datafield><marc:datafield tag="040" ind1=" " ind2=" "><marc:subfield code="a">UPB</marc:subfield><marc:subfield code="c">UPB</marc:subfield><marc:subfield code="d">DFo</marc:subfield><marc:subfield code="e">dcrb</marc:subfield><marc:subfield code="d">UtOrBLW</marc:subfield></marc:datafield><marc:datafield tag="090" ind1=" " ind2=" "><marc:subfield code="b">INC A217</marc:subfield><marc:subfield code="f">155600</marc:subfield><marc:subfield code="t">6̃50</marc:subfield><marc:subfield code="t">7̃00-2</marc:subfield><marc:subfield code="t">7̃40</marc:subfield><marc:subfield code="t">7̃55</marc:subfield><marc:subfield code="t">7̃96-1</marc:subfield><marc:subfield code="t">7̃96-2</marc:subfield><marc:subfield code="i">10/21/93 C</marc:subfield></marc:datafield><marc:datafield tag="245" ind1="1" ind2="0"><marc:subfield code="a">Compendium theologice veritatis.</marc:subfield></marc:datafield><marc:datafield tag="246" ind1="3" ind2="3"><marc:subfield code="a">Compendium theologicae veritatis</marc:subfield></marc:datafield><marc:datafield tag="260" ind1=" " ind2=" "><marc:subfield code="a">Impressum Argentine :</marc:subfield><marc:subfield code="b">[Johann Prüss],</marc:subfield><marc:subfield code="c">anno D[o]m[ini] 1489.</marc:subfield></marc:datafield><marc:datafield tag="300" ind1=" " ind2=" "><marc:subfield code="a">[192] p. ;</marc:subfield><marc:subfield code="c">27 cm. (fol.)</marc:subfield></marc:datafield><marc:datafield tag="500" ind1=" " ind2=" "><marc:subfield code="a">Leaf a2r: Prologus/ Incipit prologus in com=/pendiũ theologice veritatis.</marc:subfield></marc:datafield><marc:datafield tag="500" ind1=" " ind2=" "><marc:subfield code="a">Explicit (leaf o4v): Explicit liber vltimus huius compẽdij./ Deo gratias.</marc:subfield></marc:datafield><marc:datafield tag="500" ind1=" " ind2=" "><marc:subfield code="a">Signatures:  a-b⁸, c-g⁶, h⁸, i-p⁶ (b6, p6 blank).</marc:subfield></marc:datafield><marc:datafield tag="500" ind1=" " ind2=" "><marc:subfield code="a">Colophon (leaf p5v): Suscipite igitur omnes queso theologice veritatis: fidei q[ue] catholice amatores: hũc laborem grato animo: grãs agentes cunctipotenti deo. Cuius munere ac singulari adiutorio hec ego thomas Dorniberg: decreto[rum]: artiumq[ue] liberaliu[m] doctor feliciter perfeci. Ac impressum argentine. Anno dm̃. MCCCC. lxxxix. Deo gratias.</marc:subfield></marc:datafield><marc:datafield tag="500" ind1=" " ind2=" "><marc:subfield code="a">Printed in double columns, 50 lines and head line per page. Spaces with, and without guide letters left for capitals.</marc:subfield></marc:datafield><marc:datafield tag="510" ind1="4" ind2=" "><marc:subfield code="a">Goff</marc:subfield><marc:subfield code="c">A-239.</marc:subfield></marc:datafield><marc:datafield tag="510" ind1="4" ind2=" "><marc:subfield code="a">BM 15th cent.,</marc:subfield><marc:subfield code="c">I, p. 123 (IB.1661).</marc:subfield></marc:datafield><marc:datafield tag="510" ind1="4" ind2=" "><marc:subfield code="a">GW</marc:subfield><marc:subfield code="c">603.</marc:subfield></marc:datafield><marc:datafield tag="510" ind1="4" ind2=" "><marc:subfield code="a">Hain-Copinger,</marc:subfield><marc:subfield code="c">*442.</marc:subfield></marc:datafield><marc:datafield tag="500" ind1=" " ind2=" "><marc:subfield code="a">With table by Thomas Dorniberg.</marc:subfield></marc:datafield><marc:datafield tag="590" ind1=" " ind2=" "><marc:subfield code="a">Folger copy: last leaf, blank, lacking.</marc:subfield></marc:datafield><marc:datafield tag="590" ind1=" " ind2=" "><marc:subfield code="a">Lower corner of leaf c2 and upper corner of leaf m5 torn; leaf e6 has been repaired; flaw in fore-margin of leaf f1; remain of a finding tab on the outer edge of 1st leaf.</marc:subfield></marc:datafield><marc:datafield tag="590" ind1=" " ind2=" "><marc:subfield code="a">Many initials provided in red and some spaces left blank; also provided in red, underlining of title, of incipits and explicits, and of title of each chapter, capital strokes, and paragraph marks.</marc:subfield></marc:datafield><marc:datafield tag="590" ind1=" " ind2=" "><marc:subfield code="a">A few finding notes in brown ink.</marc:subfield></marc:datafield><marc:datafield tag="590" ind1=" " ind2=" "><marc:subfield code="a">Bookplate of Sir Robert Shafto-Adair; John Michael Henry Hely-Hutchinson, 7th Earl of Donoughmore bookplate: &quot;Chippenham lodge, Ely 1950&quot;; his sale, Sotheby's March 12, 1956, lot 15; purchased in 1956 from F. Edwards, London.</marc:subfield></marc:datafield><marc:datafield tag="590" ind1=" " ind2=" "><marc:subfield code="a">Bound in a German chained alum tawed pigskin binding, dated ca. 1495. Cf. Folger Shakespeare Library. Fine and historic bookbindings, 1:7. In a tailored box.</marc:subfield></marc:datafield><marc:datafield tag="590" ind1=" " ind2=" "><marc:subfield code="a">With: Thomas, à Kempis. Opera ... Nuremberge : Per Caspar Hochfeder ... impressi, in vigilia Andree Ap[osto]li [29 Nov.] Anno [Christ]i 1494.</marc:subfield></marc:datafield><marc:datafield tag="650" ind1=" " ind2="0"><marc:subfield code="a">Theology, Doctrinal.</marc:subfield></marc:datafield><marc:datafield tag="650" ind1=" " ind2="0"><marc:subfield code="a">Ethics.</marc:subfield></marc:datafield><marc:datafield tag="655" ind1=" " ind2="7"><marc:subfield code="a">Annotations (Provenance)</marc:subfield><marc:subfield code="2">rbprov</marc:subfield></marc:datafield><marc:datafield tag="655" ind1=" " ind2="7"><marc:subfield code="a">Pigskin bindings (Binding)</marc:subfield><marc:subfield code="z">Germany</marc:subfield><marc:subfield code="y">15th century.</marc:subfield><marc:subfield code="2">rbbin</marc:subfield></marc:datafield><marc:datafield tag="655" ind1=" " ind2="7"><marc:subfield code="a">Chained bindings (Binding)</marc:subfield><marc:subfield code="2">rbbin</marc:subfield></marc:datafield><marc:datafield tag="700" ind1="1" ind2=" "><marc:subfield code="a">Dorniberg, Thomas.</marc:subfield></marc:datafield><marc:datafield tag="700" ind1="1" ind2=" "><marc:subfield code="a">Donoughmore, John Michael Henry Ely-Hutchinson,</marc:subfield><marc:subfield code="c">Earl of,</marc:subfield><marc:subfield code="d">b. 1902,</marc:subfield><marc:subfield code="e">former owner.</marc:subfield></marc:datafield><marc:datafield tag="700" ind1="1" ind2=" "><marc:subfield code="a">Adair, Robert Shafto,</marc:subfield><marc:subfield code="d">1786-1869,</marc:subfield><marc:subfield code="e">former owner.</marc:subfield><marc:subfield code="5">DFo</marc:subfield></marc:datafield><marc:datafield tag="700" ind1="1" ind2=" "><marc:subfield code="a">Prüss, Johann,</marc:subfield><marc:subfield code="d">1447-1510,</marc:subfield><marc:subfield code="e">printer.</marc:subfield></marc:datafield><marc:datafield tag="752" ind1=" " ind2=" "><marc:subfield code="a">France</marc:subfield><marc:subfield code="d">Strasbourg.</marc:subfield></marc:datafield><marc:datafield tag="100" ind1="0" ind2=" "><marc:subfield code="a">Albertus,</marc:subfield><marc:subfield code="c">Magnus, Saint,</marc:subfield><marc:subfield code="d">1193?-1280.</marc:subfield></marc:datafield><marc:datafield tag="700" ind1="0" ind2=" "><marc:subfield code="a">Hugo,</marc:subfield><marc:subfield code="c">Argentinensis,</marc:subfield><marc:subfield code="d">ca. 1210-ca. 1270.</marc:subfield></marc:datafield><marc:datafield tag="950" ind1=" " ind2=" "><marc:subfield code="l">RARE</marc:subfield><marc:subfield code="e">Bd.w. INC T320</marc:subfield><marc:subfield code="i">10/21/93 C</marc:subfield></marc:datafield><marc:datafield tag="998" ind1=" " ind2=" "><marc:subfield code="a">10/21/93</marc:subfield><marc:subfield code="t">c</marc:subfield><marc:subfield code="s">9114</marc:subfield><marc:subfield code="n">DFo</marc:subfield><marc:subfield code="w">DCFG93B14605</marc:subfield><marc:subfield code="d">10/15/93</marc:subfield><marc:subfield code="c">ML</marc:subfield><marc:subfield code="b">MT</marc:subfield><marc:subfield code="l">DCFG</marc:subfield></marc:datafield></marc:record>