
<marc:record><marc:leader>04499cam a2200577 a 4500</marc:leader>
<marc:controlfield tag="001">90440</marc:controlfield>
<marc:controlfield tag="005">20120822122853.0</marc:controlfield><marc:controlfield tag="008">951018s1491    fr            001 0 lat  </marc:controlfield><marc:datafield tag="010" ind1=" " ind2=" "><marc:subfield code="a">   85171400 </marc:subfield></marc:datafield><marc:datafield tag="035" ind1=" " ind2=" "><marc:subfield code="9">DCFG95-B2249</marc:subfield></marc:datafield><marc:datafield tag="040" ind1=" " ind2=" "><marc:subfield code="d">CStRLIN</marc:subfield><marc:subfield code="d">DFo</marc:subfield><marc:subfield code="e">dcrb</marc:subfield><marc:subfield code="d">UtOrBLW</marc:subfield></marc:datafield><marc:datafield tag="050" ind1="0" ind2="0"><marc:subfield code="a">Incun. 1491</marc:subfield><marc:subfield code="b">.S47</marc:subfield></marc:datafield><marc:datafield tag="090" ind1=" " ind2=" "><marc:subfield code="b">INC P471</marc:subfield><marc:subfield code="n">:SL With this is bound INC P461.</marc:subfield><marc:subfield code="f">cs1231</marc:subfield><marc:subfield code="t">6̃10</marc:subfield><marc:subfield code="t">6̃50</marc:subfield><marc:subfield code="t">7̃55</marc:subfield><marc:subfield code="t">7̃96-1</marc:subfield><marc:subfield code="i">10/27/95 C</marc:subfield></marc:datafield><marc:datafield tag="130" ind1="0" ind2=" "><marc:subfield code="a">Sermones Thesauri novi de sanctis.</marc:subfield></marc:datafield><marc:datafield tag="245" ind1="1" ind2="0"><marc:subfield code="a">Sermones Thesauri noui de sanctis.</marc:subfield></marc:datafield><marc:datafield tag="260" ind1=" " ind2=" "><marc:subfield code="a">Impressum Argentine :</marc:subfield><marc:subfield code="b">P[er] Martinu[m] Flach,</marc:subfield><marc:subfield code="c">anno D[omi]ni 1491 ...</marc:subfield></marc:datafield><marc:datafield tag="300" ind1=" " ind2=" "><marc:subfield code="a">[512] p. (the last 3 p. blank) ;</marc:subfield><marc:subfield code="c">30 cm. (fol.)</marc:subfield></marc:datafield><marc:datafield tag="500" ind1=" " ind2=" "><marc:subfield code="a">Page [13]: Incipiu[n]t sermones notabiles atq[ue] p[er]utiles de sanctis p[er] circulu[m] anni, quib[us] ab editore suo doctore [et] p[re]dicatore famosissimo nomen vt Thesaur[us] nou[us] intitulent[ur] inditu[m] est.</marc:subfield></marc:datafield><marc:datafield tag="500" ind1=" " ind2=" "><marc:subfield code="a">Page [509]: Opus perutile sermonu[m] de sanctis p[er] circulum anni Thesaurus nouus nuncupat[us] ... finit feliciter.</marc:subfield></marc:datafield><marc:datafield tag="500" ind1=" " ind2=" "><marc:subfield code="a">Wrongly attributed to Petrus de Palude in some editions.</marc:subfield></marc:datafield><marc:datafield tag="500" ind1=" " ind2=" "><marc:subfield code="a">Imprint from explicit.</marc:subfield></marc:datafield><marc:datafield tag="500" ind1=" " ind2=" "><marc:subfield code="a">Signatures: a-b⁶, c-h⁸/⁶, i-m⁶, n-q⁸/⁶, r-t⁶, v⁸, x-z⁶, A-D⁸/⁶, E-F⁶, G-M⁸/⁶, N-P⁸ (i2 signed h2).</marc:subfield></marc:datafield><marc:datafield tag="500" ind1=" " ind2=" "><marc:subfield code="a">Leaves b6 and P8 are blank.</marc:subfield></marc:datafield><marc:datafield tag="510" ind1="4" ind2=" "><marc:subfield code="a">Copinger-Reichling</marc:subfield><marc:subfield code="c">5427.</marc:subfield></marc:datafield><marc:datafield tag="510" ind1="4" ind2=" "><marc:subfield code="a">BM 15th cent.,</marc:subfield><marc:subfield code="c">I, p. 151 (IB.2163a).</marc:subfield></marc:datafield><marc:datafield tag="510" ind1="4" ind2=" "><marc:subfield code="a">Goff</marc:subfield><marc:subfield code="c">P-515.</marc:subfield></marc:datafield><marc:datafield tag="500" ind1=" " ind2=" "><marc:subfield code="a">Includes index.</marc:subfield></marc:datafield><marc:datafield tag="590" ind1=" " ind2=" "><marc:subfield code="a">Folger copy: lacks leaf K6.</marc:subfield></marc:datafield><marc:datafield tag="590" ind1=" " ind2=" "><marc:subfield code="a">Initial on leaf c1r provided in red and blue with a few paragraph marks on same p. in alternate red and blue; all other initials and a few paragraph marks in red.</marc:subfield></marc:datafield><marc:datafield tag="590" ind1=" " ind2=" "><marc:subfield code="a">Manuscript finding notes in brown ink in several hands, with brackets, &quot;Nota&quot; markings and numbering in margins of some of the sermons, throughout the vol.; manuscript sermon on front free endpaper with title &quot;Sermo p[er]utilis de me[m]oria mort[is]&quot; followed by other paragraphs; other sets of notes in German at end of the vol.; error in signatures corrected by hand.</marc:subfield></marc:datafield><marc:datafield tag="590" ind1=" " ind2=" "><marc:subfield code="a">Inscriptions on front pastedown: &quot;Obijt año 72. Mr̃s Mort.[?] 24 Req[ui]escat cũ alijs piis defunctis pace sempiterna Ludo[vi]c[us] Fabrj Alckilchensis&quot;, &quot;Jacobo Strathie de oberreüthj pr[a]esbi. me addixi 15. Año 73&quot;, &quot;Sum ex libris Laure[n]tij Fischer Rheinfeldensis 1593&quot;, and &quot;Loci Reinfelde[n]sis&quot;; another ownership inscription of Laurentius Fischer on t.p. with date &quot;1592&quot; followed by inscription &quot;R. P. Capuccinis ibidem do. dd.&quot;; another inscription at head of leaf a2r &quot;Loci FF. Capuccinorũ Friburgi Brisgoiae&quot;; other inscriptions at end of book and on back pastedown (some of them ownership inscriptions?), defaced, illegible.</marc:subfield></marc:datafield><marc:datafield tag="590" ind1=" " ind2=" "><marc:subfield code="a">In contemporary pigskin binding from Basel blind tooled with floral rolls, by Johannes Schwyzer. Cf.  article &quot;Johannes Schwyzer&quot; in vol. II of Ilse Schunke's catalog of the Schwenke-Sammlung (vol. I of Schwenke-Schunke, Ranke 201, locates the binder in Strasbourg); vellum title label on front cover; green paper labels on spine, one of them with inscription &quot;Y,n. 26.&quot; in brown ink (also appearing at head of front pastedown); another white paper label on spine with date of printing; fabric finding tabs; previously repaired.</marc:subfield></marc:datafield><marc:datafield tag="590" ind1=" " ind2=" "><marc:subfield code="a">With: Sermones quadragesimales Thesauri noui. Argentine impressu[m] : [Martin Flach], anno Domini 1491 ...</marc:subfield></marc:datafield><marc:datafield tag="590" ind1=" " ind2=" "><marc:subfield code="a">Purchased in 1924.</marc:subfield></marc:datafield><marc:datafield tag="650" ind1=" " ind2="0"><marc:subfield code="a">Christian saints</marc:subfield><marc:subfield code="v">Sermons</marc:subfield><marc:subfield code="v">Early works to 1800.</marc:subfield></marc:datafield><marc:datafield tag="650" ind1=" " ind2="0"><marc:subfield code="a">Sermons, Latin</marc:subfield><marc:subfield code="v">Early works to 1800.</marc:subfield></marc:datafield><marc:datafield tag="610" ind1="2" ind2="0"><marc:subfield code="a">Catholic Church</marc:subfield><marc:subfield code="v">Sermons</marc:subfield><marc:subfield code="v">Early works to 1800.</marc:subfield></marc:datafield><marc:datafield tag="655" ind1=" " ind2="7"><marc:subfield code="a">Annotations (Provenance)</marc:subfield><marc:subfield code="2">rbprov</marc:subfield></marc:datafield><marc:datafield tag="655" ind1=" " ind2="7"><marc:subfield code="a">Pigskin bindings (Binding)</marc:subfield><marc:subfield code="z">Switzerland</marc:subfield><marc:subfield code="z">Basel</marc:subfield><marc:subfield code="y">15th century.</marc:subfield><marc:subfield code="2">rbbin</marc:subfield></marc:datafield><marc:datafield tag="700" ind1="1" ind2=" "><marc:subfield code="a">Schwyzer, Johannes,</marc:subfield><marc:subfield code="e">binder.</marc:subfield></marc:datafield><marc:datafield tag="700" ind1="1" ind2=" "><marc:subfield code="a">Fabri, Ludovicus,</marc:subfield><marc:subfield code="d">d. 1572,</marc:subfield><marc:subfield code="e">former owner.</marc:subfield></marc:datafield><marc:datafield tag="700" ind1="1" ind2=" "><marc:subfield code="a">Strathia, Jacobus,</marc:subfield><marc:subfield code="d">fl. 1573,</marc:subfield><marc:subfield code="e">former owner.</marc:subfield></marc:datafield><marc:datafield tag="700" ind1="1" ind2=" "><marc:subfield code="a">Fischer, Laurentius,</marc:subfield><marc:subfield code="d">fl. 1592-1593,</marc:subfield><marc:subfield code="e">former owner.</marc:subfield></marc:datafield><marc:datafield tag="710" ind1="2" ind2=" "><marc:subfield code="a">Rheinfelden.</marc:subfield><marc:subfield code="b">Capuchins,</marc:subfield><marc:subfield code="e">former owner.</marc:subfield></marc:datafield><marc:datafield tag="710" ind1="1" ind2=" "><marc:subfield code="a">Freiburg im Breisgau (Germany).</marc:subfield><marc:subfield code="b">Capuchins,</marc:subfield><marc:subfield code="e">former owner.</marc:subfield></marc:datafield><marc:datafield tag="700" ind1="1" ind2=" "><marc:subfield code="a">Flach, Martin,</marc:subfield><marc:subfield code="d">d. 1500,</marc:subfield><marc:subfield code="e">printer.</marc:subfield></marc:datafield><marc:datafield tag="752" ind1="1" ind2="0"><marc:subfield code="d">Strasbourg.</marc:subfield></marc:datafield><marc:datafield tag="700" ind1="0" ind2=" "><marc:subfield code="a">Petrus,</marc:subfield><marc:subfield code="c">de Palude, Patriarch of Jerusalem,</marc:subfield><marc:subfield code="d">d. 1342.</marc:subfield></marc:datafield><marc:datafield tag="856" ind1="4" ind2="1"><marc:subfield code="u">http://luna.folger.edu/luna/servlet/s/obx97r</marc:subfield><marc:subfield code="z">Binding images and description for Folger Shakespeare Library INC P471</marc:subfield></marc:datafield><marc:datafield tag="950" ind1=" " ind2=" "><marc:subfield code="l">RARE</marc:subfield><marc:subfield code="i">10/27/95 C</marc:subfield></marc:datafield><marc:datafield tag="998" ind1=" " ind2=" "><marc:subfield code="a">10/27/95</marc:subfield><marc:subfield code="t">c</marc:subfield><marc:subfield code="s">9110</marc:subfield><marc:subfield code="n">DFo</marc:subfield><marc:subfield code="w">DCLC85171400B</marc:subfield><marc:subfield code="d">10/18/95</marc:subfield><marc:subfield code="c">ML</marc:subfield><marc:subfield code="b">MT</marc:subfield><marc:subfield code="l">DCFG</marc:subfield></marc:datafield></marc:record>