
<marc:record><marc:leader>02266cam a2200421 a 4500</marc:leader>
<marc:controlfield tag="001">90395</marc:controlfield>
<marc:controlfield tag="005">20110119170027.0</marc:controlfield><marc:controlfield tag="008">950922s1488    it            000 0 lat d</marc:controlfield><marc:datafield tag="035" ind1=" " ind2=" "><marc:subfield code="9">DCFG95-B2107</marc:subfield></marc:datafield><marc:datafield tag="040" ind1=" " ind2=" "><marc:subfield code="a">DFo</marc:subfield><marc:subfield code="c">DFo</marc:subfield><marc:subfield code="e">dcrb</marc:subfield></marc:datafield><marc:datafield tag="041" ind1="1" ind2=" "><marc:subfield code="a">lat</marc:subfield><marc:subfield code="h">grc</marc:subfield></marc:datafield><marc:datafield tag="090" ind1=" " ind2=" "><marc:subfield code="b">INC P555</marc:subfield><marc:subfield code="f">cs845</marc:subfield><marc:subfield code="t">7̃40</marc:subfield><marc:subfield code="i">09/29/95 C</marc:subfield></marc:datafield><marc:datafield tag="100" ind1="1" ind2=" "><marc:subfield code="a">Filelfo, Francesco,</marc:subfield><marc:subfield code="d">1398-1481.</marc:subfield></marc:datafield><marc:datafield tag="240" ind1="1" ind2="0"><marc:subfield code="a">Orationes</marc:subfield></marc:datafield><marc:datafield tag="245" ind1="1" ind2="0"><marc:subfield code="a">Registrum Orationum Francisci Philelfi &amp; aliorum operum in hoc uolumine contento[rum].</marc:subfield></marc:datafield><marc:datafield tag="260" ind1=" " ind2=" "><marc:subfield code="a">Impressum Brixiae :</marc:subfield><marc:subfield code="b">Per Iacobum Britannicum,</marc:subfield><marc:subfield code="c">die xviii. Iunii 1488.</marc:subfield></marc:datafield><marc:datafield tag="300" ind1=" " ind2=" "><marc:subfield code="a">[368] p. (the last [2] p. blank) ;</marc:subfield><marc:subfield code="c">21 cm. (4to)</marc:subfield></marc:datafield><marc:datafield tag="500" ind1=" " ind2=" "><marc:subfield code="a">Title from register (leaf z7r).</marc:subfield></marc:datafield><marc:datafield tag="500" ind1=" " ind2=" "><marc:subfield code="a">Folger copy shows a variant setting in the 1st gathering, leaf a1r reading: &quot;Franciscus Philelfus ... ac ducali primario locumtenenti sal. pl. d.&quot; with date &quot;Mediolãi ex aedibus meis. vi. Kalẽdas Iunias. M.cccclxxxi.&quot;; leaf a2v reads: &quot;Francisci Philelfi Oratio parentalis de diui Francisci sphortiae / Mediolanensium ducis felicitate&quot;.</marc:subfield></marc:datafield><marc:datafield tag="500" ind1=" " ind2=" "><marc:subfield code="a">Includes Aristotle's Rhetoric, and Plutarch's Apophthegmata, both translated by Francesco Filelfo, and Galen's Introductorium ad medicinam principiis, translated by Giorgio Valla.</marc:subfield></marc:datafield><marc:datafield tag="500" ind1=" " ind2=" "><marc:subfield code="a">Imprint from colophon (leaf z7r).</marc:subfield></marc:datafield><marc:datafield tag="500" ind1=" " ind2=" "><marc:subfield code="a">Signatures: a-z⁸ (u2 unsigned).</marc:subfield></marc:datafield><marc:datafield tag="500" ind1=" " ind2=" "><marc:subfield code="a">Capital spaces with guide letters; some spaces for Greek.</marc:subfield></marc:datafield><marc:datafield tag="510" ind1="4" ind2=" "><marc:subfield code="a">Goff</marc:subfield><marc:subfield code="c">P-608.</marc:subfield></marc:datafield><marc:datafield tag="510" ind1="4" ind2=" "><marc:subfield code="a">BM 15th cent.,</marc:subfield><marc:subfield code="c">VII, p. 975-976 (IA.31133).</marc:subfield></marc:datafield><marc:datafield tag="510" ind1="4" ind2=" "><marc:subfield code="a">Hain</marc:subfield><marc:subfield code="c">12922*.</marc:subfield></marc:datafield><marc:datafield tag="590" ind1=" " ind2=" "><marc:subfield code="a">Folger copy: last leaf, blank, lacking; leaf g4 torn (with loss of text), has been repaired, with text partially provided by hand.</marc:subfield></marc:datafield><marc:datafield tag="590" ind1=" " ind2=" "><marc:subfield code="a">A few early manuscript finding notes in brown ink with brackets and underlining.</marc:subfield></marc:datafield><marc:datafield tag="590" ind1=" " ind2=" "><marc:subfield code="a">In a vellum binding.</marc:subfield></marc:datafield><marc:datafield tag="700" ind1="1" ind2=" "><marc:subfield code="a">Valla, Giorgio,</marc:subfield><marc:subfield code="d">1447-1500.</marc:subfield></marc:datafield><marc:datafield tag="740" ind1="0" ind2=" "><marc:subfield code="a">Orationes cum quibusdam aliis eiusdem operibus.</marc:subfield></marc:datafield><marc:datafield tag="700" ind1="1" ind2=" "><marc:subfield code="a">Britannico, Giacomo,</marc:subfield><marc:subfield code="d">fl. 1480-1506,</marc:subfield><marc:subfield code="e">printer.</marc:subfield></marc:datafield><marc:datafield tag="752" ind1="1" ind2="0"><marc:subfield code="d">Brescia.</marc:subfield></marc:datafield><marc:datafield tag="700" ind1="0" ind2="2"><marc:subfield code="a">Galen.</marc:subfield><marc:subfield code="t">Introductorium ad medicinam principiis.</marc:subfield><marc:subfield code="l">Latin.</marc:subfield><marc:subfield code="f">1488.</marc:subfield></marc:datafield><marc:datafield tag="700" ind1="0" ind2="2"><marc:subfield code="a">Aristotle.</marc:subfield><marc:subfield code="t">Rhetoric.</marc:subfield><marc:subfield code="l">Latin.</marc:subfield><marc:subfield code="f">1488.</marc:subfield></marc:datafield><marc:datafield tag="700" ind1="0" ind2="2"><marc:subfield code="a">Plutarch.</marc:subfield><marc:subfield code="t">Moralia.</marc:subfield><marc:subfield code="l">Latin.</marc:subfield><marc:subfield code="k">Selections.</marc:subfield><marc:subfield code="f">1488.</marc:subfield></marc:datafield><marc:datafield tag="950" ind1=" " ind2=" "><marc:subfield code="l">RARE</marc:subfield><marc:subfield code="i">09/29/95 C</marc:subfield></marc:datafield><marc:datafield tag="998" ind1=" " ind2=" "><marc:subfield code="a">09/29/95</marc:subfield><marc:subfield code="t">c</marc:subfield><marc:subfield code="s">9114</marc:subfield><marc:subfield code="n">DFo</marc:subfield><marc:subfield code="w">DCFG95B2107</marc:subfield><marc:subfield code="d">09/22/95</marc:subfield><marc:subfield code="c">ML</marc:subfield><marc:subfield code="b">MT</marc:subfield><marc:subfield code="l">DCFG</marc:subfield></marc:datafield></marc:record>