
<marc:record><marc:leader>02150cam a2200421 a 4500</marc:leader>
<marc:controlfield tag="001">90226</marc:controlfield>
<marc:controlfield tag="005">20110119170022.0</marc:controlfield><marc:controlfield tag="008">950214s1485    it            001 0 lat d</marc:controlfield><marc:datafield tag="035" ind1=" " ind2=" "><marc:subfield code="9">DCFG95-B512</marc:subfield></marc:datafield><marc:datafield tag="040" ind1=" " ind2=" "><marc:subfield code="a">DFo</marc:subfield><marc:subfield code="c">DFo</marc:subfield><marc:subfield code="e">dcrb</marc:subfield><marc:subfield code="d">UtOrBLW</marc:subfield></marc:datafield><marc:datafield tag="090" ind1=" " ind2=" "><marc:subfield code="b">INC J186</marc:subfield><marc:subfield code="f">cs1785</marc:subfield><marc:subfield code="t">6̃50</marc:subfield><marc:subfield code="i">06/22/95 N</marc:subfield><marc:subfield code="h">02/23/95 C</marc:subfield></marc:datafield><marc:datafield tag="100" ind1="0" ind2=" "><marc:subfield code="a">Jacobus Philippus,</marc:subfield><marc:subfield code="c">Bergomensis,</marc:subfield><marc:subfield code="d">1434-1520.</marc:subfield></marc:datafield><marc:datafield tag="240" ind1="1" ind2="0"><marc:subfield code="a">Supplementum chronicarum</marc:subfield></marc:datafield><marc:datafield tag="245" ind1="1" ind2="0"><marc:subfield code="a">Fratris Iacobi Philippi Bergomensis ordinis Fratrum Eremitarum Diui Aug. In omnimoda historia nouissime congesta Supplementum cronicarum appellata liber primus feliciter incipit.</marc:subfield></marc:datafield><marc:datafield tag="260" ind1=" " ind2=" "><marc:subfield code="a">Impressum Brixie :</marc:subfield><marc:subfield code="b">Per Boninum de Boninis de Ragusia,</marc:subfield><marc:subfield code="c">anno D[omi]ni 1485 die primo Dece[m]bris.</marc:subfield></marc:datafield><marc:datafield tag="300" ind1=" " ind2=" "><marc:subfield code="a">[23], 358, [1] leaves ;</marc:subfield><marc:subfield code="c">32 cm. (fol.)</marc:subfield></marc:datafield><marc:datafield tag="500" ind1=" " ind2=" "><marc:subfield code="a">Title from incipit (verso of leaf 2).</marc:subfield></marc:datafield><marc:datafield tag="500" ind1=" " ind2=" "><marc:subfield code="a">Imprint from colophon (leaf T7v).</marc:subfield></marc:datafield><marc:datafield tag="500" ind1=" " ind2=" "><marc:subfield code="a">Signatures: a-b¹⁰, aa², [2nd]a-[2nd]b¹⁰, c-t⁸, v¹⁰, x⁶, y-z⁸, [et]⁸, [con]⁸, [rum]⁸, A-E⁸, F⁶, G-O⁸, P⁶, Q-T⁸.</marc:subfield></marc:datafield><marc:datafield tag="500" ind1=" " ind2=" "><marc:subfield code="a">Tables in 2 columns.</marc:subfield></marc:datafield><marc:datafield tag="500" ind1=" " ind2=" "><marc:subfield code="a">Capital spaces.</marc:subfield></marc:datafield><marc:datafield tag="500" ind1=" " ind2=" "><marc:subfield code="a">Includes register.</marc:subfield></marc:datafield><marc:datafield tag="500" ind1=" " ind2=" "><marc:subfield code="a">Leaves a1 and b10 (1st set) are blank.</marc:subfield></marc:datafield><marc:datafield tag="510" ind1="4" ind2=" "><marc:subfield code="a">Goff</marc:subfield><marc:subfield code="c">J-209.</marc:subfield></marc:datafield><marc:datafield tag="510" ind1="4" ind2=" "><marc:subfield code="a">BM 15th cent.,</marc:subfield><marc:subfield code="c">VII, p. 969 (IB.31089).</marc:subfield></marc:datafield><marc:datafield tag="510" ind1="4" ind2=" "><marc:subfield code="a">Polain</marc:subfield><marc:subfield code="c">1493.</marc:subfield></marc:datafield><marc:datafield tag="500" ind1=" " ind2=" "><marc:subfield code="a">Includes indexes.</marc:subfield></marc:datafield><marc:datafield tag="590" ind1=" " ind2=" "><marc:subfield code="a">Folger copy: leaf a1 (1st set), blank, lacking; gathering aa bound at beginning of the book.</marc:subfield></marc:datafield><marc:datafield tag="590" ind1=" " ind2=" "><marc:subfield code="a">Early manuscript finding notes with fists, brackets, and a small drawing (leaf K2v); a longer note on leaf O2r referring to the city of Verona becoming Venetian territory in 1405.</marc:subfield></marc:datafield><marc:datafield tag="590" ind1=" " ind2=" "><marc:subfield code="a">Ownership inscription at foot of leaf a2r (1st set): &quot;Mei Alexandri Pompeij Co: Lazon[... ?]&quot;; purchased in 1927 from the Broadbent collection.</marc:subfield></marc:datafield><marc:datafield tag="650" ind1=" " ind2="0"><marc:subfield code="a">Chronology, Historical.</marc:subfield></marc:datafield><marc:datafield tag="650" ind1=" " ind2="0"><marc:subfield code="a">World history.</marc:subfield></marc:datafield><marc:datafield tag="655" ind1=" " ind2="7"><marc:subfield code="a">Annotations (Provenance)</marc:subfield><marc:subfield code="2">rbprov</marc:subfield></marc:datafield><marc:datafield tag="700" ind1="1" ind2=" "><marc:subfield code="a">Pompei, Alessandro,</marc:subfield><marc:subfield code="c">Conte,</marc:subfield><marc:subfield code="d">1705-1772,</marc:subfield><marc:subfield code="e">former owner.</marc:subfield></marc:datafield><marc:datafield tag="700" ind1="1" ind2=" "><marc:subfield code="a">Bonini, Bonino,</marc:subfield><marc:subfield code="d">ca. 1450-1528,</marc:subfield><marc:subfield code="e">printer.</marc:subfield></marc:datafield><marc:datafield tag="752" ind1="1" ind2="0"><marc:subfield code="d">Brescia.</marc:subfield></marc:datafield><marc:datafield tag="950" ind1=" " ind2=" "><marc:subfield code="l">RARE</marc:subfield><marc:subfield code="e">copy 1</marc:subfield><marc:subfield code="h">02/23/95 C</marc:subfield></marc:datafield><marc:datafield tag="998" ind1=" " ind2=" "><marc:subfield code="a">06/22/95</marc:subfield><marc:subfield code="t">c</marc:subfield><marc:subfield code="s">9114</marc:subfield><marc:subfield code="n">DFo</marc:subfield><marc:subfield code="w">DCFG95B512</marc:subfield><marc:subfield code="d">02/14/95</marc:subfield><marc:subfield code="c">ML</marc:subfield><marc:subfield code="b">MT</marc:subfield><marc:subfield code="l">DCFG</marc:subfield></marc:datafield></marc:record>