
<marc:record><marc:leader>03671cam a2200469 a 4500</marc:leader>
<marc:controlfield tag="001">89633</marc:controlfield>
<marc:controlfield tag="005">20120822093102.0</marc:controlfield><marc:controlfield tag="008">940304s1498    ne            000 0 lat d</marc:controlfield><marc:datafield tag="035" ind1=" " ind2=" "><marc:subfield code="9">DCFG94-B1018</marc:subfield></marc:datafield><marc:datafield tag="040" ind1=" " ind2=" "><marc:subfield code="a">DFo</marc:subfield><marc:subfield code="c">DFo</marc:subfield><marc:subfield code="e">dcrb</marc:subfield><marc:subfield code="d">UtOrBLW</marc:subfield></marc:datafield><marc:datafield tag="090" ind1=" " ind2=" "><marc:subfield code="b">INC B68</marc:subfield><marc:subfield code="f">cs302</marc:subfield><marc:subfield code="t">6̃50</marc:subfield><marc:subfield code="i">08/01/95 N</marc:subfield><marc:subfield code="h">03/28/94 C</marc:subfield></marc:datafield><marc:datafield tag="240" ind1="1" ind2="0"><marc:subfield code="a">De patientia</marc:subfield></marc:datafield><marc:datafield tag="245" ind1="1" ind2="0"><marc:subfield code="a">Reuerendi Fr[atr]is Baptistae Mantuani Carmelitae De patientia aurei libri tres.</marc:subfield></marc:datafield><marc:datafield tag="260" ind1=" " ind2=" "><marc:subfield code="a">Impressum Dauentri[a]e :</marc:subfield><marc:subfield code="b">Per Richardum Pafraet,</marc:subfield><marc:subfield code="c">anno D[omi]ni 1498, vicesima Octobris.</marc:subfield></marc:datafield><marc:datafield tag="300" ind1=" " ind2=" "><marc:subfield code="a">[140] p. ;</marc:subfield><marc:subfield code="c">21 cm. (4to)</marc:subfield></marc:datafield><marc:datafield tag="500" ind1=" " ind2=" "><marc:subfield code="a">Additions by Elia Cavriolo and Johannes Taberius.</marc:subfield></marc:datafield><marc:datafield tag="500" ind1=" " ind2=" "><marc:subfield code="a">Imprint from colophon (leaf m7v).</marc:subfield></marc:datafield><marc:datafield tag="500" ind1=" " ind2=" "><marc:subfield code="a">Signatures: a-h⁴/⁸, i⁴, k⁶, l⁴, m⁸.</marc:subfield></marc:datafield><marc:datafield tag="500" ind1=" " ind2=" "><marc:subfield code="a">Capital spaces, most of them with guide letters.</marc:subfield></marc:datafield><marc:datafield tag="510" ind1="4" ind2=" "><marc:subfield code="a">Goff</marc:subfield><marc:subfield code="c">B-78.</marc:subfield></marc:datafield><marc:datafield tag="510" ind1="4" ind2=" "><marc:subfield code="a">GW</marc:subfield><marc:subfield code="c">3306.</marc:subfield></marc:datafield><marc:datafield tag="510" ind1="4" ind2=" "><marc:subfield code="a">Campbell</marc:subfield><marc:subfield code="c">230.</marc:subfield></marc:datafield><marc:datafield tag="510" ind1="4" ind2=" "><marc:subfield code="a">IDL</marc:subfield><marc:subfield code="c">639.</marc:subfield></marc:datafield><marc:datafield tag="590" ind1=" " ind2=" "><marc:subfield code="a">Folger copy: margins have been trimmed, affecting manuscript notes and printed headings.</marc:subfield></marc:datafield><marc:datafield tag="590" ind1=" " ind2=" "><marc:subfield code="a">Numerous extensive manuscript notes in brown ink in several hands, and interlinear manuscript additions of synonyms (appearing in several of the items bound together); underlining, brackets, drawings and some capitals provided in the same ink.</marc:subfield></marc:datafield><marc:datafield tag="590" ind1=" " ind2=" "><marc:subfield code="a">Several manuscript marks of ownership of John Vincent on other items bound in the same vol., reading &quot;Ioannes Vincentij Me possidet&quot;, and &quot;Ioannes Vincentij Anno Domini 1604&quot;, and other marks of ownership &quot;Sum ex libris Huberti Vincentij Est meus herus&quot;, and &quot;Frere Iohan Querin du Meihs F. Ioẽs Quirinij de Meihs religios[us] Stabuleñ. non me possidet sed vtit[u]r&quot;; mark of ownership of John Vincent on t.p. of the 1st item has been corrected to &quot;Sum ex libris Ioannjs Quirinj&quot;; other marks of ownership, defaced, illegible; bookplate &quot;Ex libris Gualteri Sneyd&quot; (no. 460 in the Sotheby sale catalog of his library, Dec. 1903); purchased in 1904.</marc:subfield></marc:datafield><marc:datafield tag="590" ind1=" " ind2=" "><marc:subfield code="a">Repaired.</marc:subfield></marc:datafield><marc:datafield tag="590" ind1=" " ind2=" "><marc:subfield code="a">With: Ovid. P. Ouidij Nasonis De ponto libri quatuor. Dauentriae : Ex aedibus Alberti Paradi, anno Seruatoris Nostri 1523, mense Martio -- Baptista, Mantuanus. Baptiste Mantuani ... Opus insigne de mundi calamitatibus ... Venundantur Dauentri[a]e : in [a]edibus Alberti Paefraed, anno a Natali Christiano millesimo quingentesimo decimo sexto [1516] mense Augusto -- Andrelino, Publio Fausto. P. Fausti Andrelini ... Ep[isto]lae prouerbiales &amp; morales longe lepidissim[a]e nec minus sente[n]tiosae. Daue[n]tri[a]e : Ex [a]edibus Alberti Pafradi, anno Salutis Nostrae 1522 -- Baptista, Mantuanus. Fratris Baptiste Mantuani Carmelite Carmen buccolicum. Impr[re]ssum Dauentrie : Per me Richardum Paffraet, anno D[omi]ni 1502, in profesto Lucie [12 Dec] -- Baptista, Mantuanus. Carmina de Beata Virgi[n]e Maria que [et] Parthenice dicuntur. Dauentri[a]e : Impressum per me Richardum Paffraet, anno D[omi]ni millesimo quinge[n]tesimo secundo [1502] in profesto Marie Virginis presentationis [20 Nov.]</marc:subfield></marc:datafield><marc:datafield tag="650" ind1=" " ind2="0"><marc:subfield code="a">Patience.</marc:subfield></marc:datafield><marc:datafield tag="655" ind1=" " ind2="7"><marc:subfield code="a">Annotations (Provenance)</marc:subfield><marc:subfield code="2">rbprov</marc:subfield></marc:datafield><marc:datafield tag="700" ind1="1" ind2=" "><marc:subfield code="a">Cavriolo, Elia.</marc:subfield></marc:datafield><marc:datafield tag="700" ind1="1" ind2=" "><marc:subfield code="a">Taberius, Johannes.</marc:subfield></marc:datafield><marc:datafield tag="700" ind1="1" ind2=" "><marc:subfield code="a">Vincent, John,</marc:subfield><marc:subfield code="d">1591-1646,</marc:subfield><marc:subfield code="e">former owner.</marc:subfield></marc:datafield><marc:datafield tag="700" ind1="1" ind2=" "><marc:subfield code="a">Vincent, Hubert,</marc:subfield><marc:subfield code="e">former owner.</marc:subfield></marc:datafield><marc:datafield tag="700" ind1="1" ind2=" "><marc:subfield code="a">Querin, Johann,</marc:subfield><marc:subfield code="e">former owner.</marc:subfield></marc:datafield><marc:datafield tag="700" ind1="1" ind2=" "><marc:subfield code="a">Sneyd, Walter,</marc:subfield><marc:subfield code="d">1809-1888,</marc:subfield><marc:subfield code="e">former owner.</marc:subfield></marc:datafield><marc:datafield tag="700" ind1="1" ind2=" "><marc:subfield code="a">Paffraet, Richard,</marc:subfield><marc:subfield code="e">printer.</marc:subfield></marc:datafield><marc:datafield tag="752" ind1="1" ind2="0"><marc:subfield code="d">Deventer.</marc:subfield></marc:datafield><marc:datafield tag="100" ind1="0" ind2=" "><marc:subfield code="a">Baptista,</marc:subfield><marc:subfield code="c">Mantuanus,</marc:subfield><marc:subfield code="d">1448-1516.</marc:subfield></marc:datafield><marc:datafield tag="856" ind1="4" ind2="1"><marc:subfield code="u">http://luna.folger.edu/luna/servlet/s/z10zaq</marc:subfield><marc:subfield code="z">Binding images and description for Folger Shakespeare Library INC B68</marc:subfield></marc:datafield><marc:datafield tag="950" ind1=" " ind2=" "><marc:subfield code="l">RARE</marc:subfield><marc:subfield code="h">03/28/94 C</marc:subfield></marc:datafield><marc:datafield tag="998" ind1=" " ind2=" "><marc:subfield code="a">08/01/95</marc:subfield><marc:subfield code="t">c</marc:subfield><marc:subfield code="s">9114</marc:subfield><marc:subfield code="n">DFo</marc:subfield><marc:subfield code="w">DCFG94B1018</marc:subfield><marc:subfield code="d">03/04/94</marc:subfield><marc:subfield code="c">ML</marc:subfield><marc:subfield code="b">MT</marc:subfield><marc:subfield code="l">DCFG</marc:subfield></marc:datafield></marc:record>