
<marc:record><marc:leader>02305cam a2200469 a 4500</marc:leader>
<marc:controlfield tag="001">89953</marc:controlfield>
<marc:controlfield tag="005">20120822100409.0</marc:controlfield><marc:controlfield tag="008">940812s1477    it            000 0 lat d</marc:controlfield><marc:datafield tag="035" ind1=" " ind2=" "><marc:subfield code="9">DCFG94-B2794</marc:subfield></marc:datafield><marc:datafield tag="035" ind1=" " ind2=" "><marc:subfield code="a">89953</marc:subfield></marc:datafield><marc:datafield tag="040" ind1=" " ind2=" "><marc:subfield code="a">DFo</marc:subfield><marc:subfield code="c">DFo</marc:subfield><marc:subfield code="e">dcrb</marc:subfield><marc:subfield code="d">UtOrBLW</marc:subfield></marc:datafield><marc:datafield tag="090" ind1=" " ind2=" "><marc:subfield code="b">INC C338</marc:subfield><marc:subfield code="f">179635</marc:subfield><marc:subfield code="t">6̃00</marc:subfield><marc:subfield code="t">6̃51</marc:subfield><marc:subfield code="t">6̃90</marc:subfield><marc:subfield code="t">7̃40</marc:subfield><marc:subfield code="i">08/19/94 C</marc:subfield></marc:datafield><marc:datafield tag="100" ind1="1" ind2=" "><marc:subfield code="a">Cippico, Coriolano,</marc:subfield><marc:subfield code="d">1425?-1493?</marc:subfield></marc:datafield><marc:datafield tag="240" ind1="1" ind2="0"><marc:subfield code="a">Petri Mocenici imperatoris gesta</marc:subfield></marc:datafield><marc:datafield tag="245" ind1="1" ind2="0"><marc:subfield code="a">Coriolani Cepionis Dalmat[a]e Petri Mocenici imperatoris gestorum liber primus.</marc:subfield></marc:datafield><marc:datafield tag="246" ind1="3" ind2="3"><marc:subfield code="a">Gesta Petri Mocenici</marc:subfield></marc:datafield><marc:datafield tag="260" ind1=" " ind2=" "><marc:subfield code="a">Impressum est ... Venetijs :</marc:subfield><marc:subfield code="b">Per Bernardum Pictorem &amp; Erhardum Ratdolt de Augusta una cum Petro Loslein de Langencen correctore ac socio ...,</marc:subfield><marc:subfield code="c">1477.</marc:subfield></marc:datafield><marc:datafield tag="300" ind1=" " ind2=" "><marc:subfield code="a">[108] p. ;</marc:subfield><marc:subfield code="c">20 cm. (4to)</marc:subfield></marc:datafield><marc:datafield tag="500" ind1=" " ind2=" "><marc:subfield code="a">Title from incipit (leaf a3r).</marc:subfield></marc:datafield><marc:datafield tag="500" ind1=" " ind2=" "><marc:subfield code="a">Imprint from colophon (leaf g5v).</marc:subfield></marc:datafield><marc:datafield tag="500" ind1=" " ind2=" "><marc:subfield code="a">Signatures: a-f⁸, g⁶.</marc:subfield></marc:datafield><marc:datafield tag="500" ind1=" " ind2=" "><marc:subfield code="a">Printed initials; woodcut border on leaf a2r.</marc:subfield></marc:datafield><marc:datafield tag="500" ind1=" " ind2=" "><marc:subfield code="a">The first and last leaves are blank.</marc:subfield></marc:datafield><marc:datafield tag="510" ind1="4" ind2=" "><marc:subfield code="a">Goff</marc:subfield><marc:subfield code="c">C-378.</marc:subfield></marc:datafield><marc:datafield tag="510" ind1="4" ind2=" "><marc:subfield code="a">BM 15th cent.,</marc:subfield><marc:subfield code="c">V, p. 244 (IA.20488).</marc:subfield></marc:datafield><marc:datafield tag="510" ind1="4" ind2=" "><marc:subfield code="a">GW</marc:subfield><marc:subfield code="c">6473.</marc:subfield></marc:datafield><marc:datafield tag="510" ind1="4" ind2=" "><marc:subfield code="a">Sander</marc:subfield><marc:subfield code="c">1912.</marc:subfield></marc:datafield><marc:datafield tag="590" ind1=" " ind2=" "><marc:subfield code="a">Folger copy: edges have been cropped, affecting manuscript notes.</marc:subfield></marc:datafield><marc:datafield tag="590" ind1=" " ind2=" "><marc:subfield code="a">Ruled in red; printed initials have been hand colored.</marc:subfield></marc:datafield><marc:datafield tag="590" ind1=" " ind2=" "><marc:subfield code="a">A few scarce manuscript notes and underlining in brown and red ink; a few brackets and fists; manuscript poem on recto of 1st leaf; unidentified coat of arms (bundle of arrows and chequy per pale) added by hand in lower pt. of the border.</marc:subfield></marc:datafield><marc:datafield tag="590" ind1=" " ind2=" "><marc:subfield code="a">Ownership inscription on front flyleaf &quot;... Dav: Dalrymple 1754&quot; followed by a few notes; purchased in 1960.</marc:subfield></marc:datafield><marc:datafield tag="651" ind1=" " ind2="0"><marc:subfield code="a">Venice (Italy)</marc:subfield><marc:subfield code="x">History</marc:subfield><marc:subfield code="y">697-1508.</marc:subfield></marc:datafield><marc:datafield tag="600" ind1="1" ind2="0"><marc:subfield code="a">Mocenigo, Pietro,</marc:subfield><marc:subfield code="d">1406-1476.</marc:subfield></marc:datafield><marc:datafield tag="655" ind1=" " ind2="7"><marc:subfield code="a">Borders (Type evidence)</marc:subfield><marc:subfield code="2">rbtyp</marc:subfield></marc:datafield><marc:datafield tag="700" ind1="1" ind2=" "><marc:subfield code="a">Dalrymple family library,</marc:subfield><marc:subfield code="e">former owner.</marc:subfield></marc:datafield><marc:datafield tag="700" ind1="1" ind2=" "><marc:subfield code="a">Maler, Bernhard,</marc:subfield><marc:subfield code="d">fl. 1476-1478,</marc:subfield><marc:subfield code="e">printer.</marc:subfield></marc:datafield><marc:datafield tag="700" ind1="1" ind2=" "><marc:subfield code="a">Löslein, Peter,</marc:subfield><marc:subfield code="d">fl. 1476-ca. 1487,</marc:subfield><marc:subfield code="e">printer.</marc:subfield></marc:datafield><marc:datafield tag="700" ind1="1" ind2=" "><marc:subfield code="a">Ratdolt, Erhard,</marc:subfield><marc:subfield code="d">1447?-1527 or 8,</marc:subfield><marc:subfield code="e">printer.</marc:subfield></marc:datafield><marc:datafield tag="752" ind1="1" ind2="0"><marc:subfield code="d">Venice.</marc:subfield></marc:datafield><marc:datafield tag="856" ind1="4" ind2="1"><marc:subfield code="u">http://luna.folger.edu/luna/servlet/s/u5qie1</marc:subfield><marc:subfield code="z">Binding images and description for Folger Shakespeare Library INC C338</marc:subfield></marc:datafield><marc:datafield tag="950" ind1=" " ind2=" "><marc:subfield code="l">RARE</marc:subfield><marc:subfield code="i">08/19/94 C</marc:subfield></marc:datafield><marc:datafield tag="998" ind1=" " ind2=" "><marc:subfield code="a">08/19/94</marc:subfield><marc:subfield code="t">c</marc:subfield><marc:subfield code="s">9114</marc:subfield><marc:subfield code="n">DFo</marc:subfield><marc:subfield code="w">DCFG94B2794</marc:subfield><marc:subfield code="d">08/12/94</marc:subfield><marc:subfield code="c">ML</marc:subfield><marc:subfield code="b">MT</marc:subfield><marc:subfield code="l">DCFG</marc:subfield></marc:datafield></marc:record>