
<marc:record><marc:leader>03063cam a2200457 a 4500</marc:leader>
<marc:controlfield tag="001">90357</marc:controlfield>
<marc:controlfield tag="005">20110119170026.0</marc:controlfield><marc:controlfield tag="008">950906s1478    sz            000 0 lat d</marc:controlfield><marc:datafield tag="035" ind1=" " ind2=" "><marc:subfield code="9">DCFG95-B2039</marc:subfield></marc:datafield><marc:datafield tag="040" ind1=" " ind2=" "><marc:subfield code="a">DFo</marc:subfield><marc:subfield code="c">DFo</marc:subfield><marc:subfield code="e">dcrb</marc:subfield><marc:subfield code="d">UtOrBLW</marc:subfield></marc:datafield><marc:datafield tag="090" ind1=" " ind2=" "><marc:subfield code="b">INC P408</marc:subfield><marc:subfield code="t">6̃00</marc:subfield><marc:subfield code="t">6̃55</marc:subfield><marc:subfield code="t">7̃40</marc:subfield><marc:subfield code="t">7̃55</marc:subfield><marc:subfield code="i">09/29/95 C</marc:subfield></marc:datafield><marc:datafield tag="240" ind1="1" ind2="0"><marc:subfield code="a">Tabula operum Thomae Aquinatis</marc:subfield></marc:datafield><marc:datafield tag="245" ind1="1" ind2="0"><marc:subfield code="a">Religiosissimi viri fratris Petri de Bergomo ordinis P[rae]dicatorum sacre theologie professoris eximij Super omnia opera diuini doctoris Thome Aquinatis tabula feliciter incipit.</marc:subfield></marc:datafield><marc:datafield tag="260" ind1=" " ind2=" "><marc:subfield code="a">Impressum finitumq[ue] Basilee :</marc:subfield><marc:subfield code="b">Per me Bernhardu[m] Richel ciuem Basilien[sem],</marc:subfield><marc:subfield code="c">anno [et]c̃. 1478 die Veneris q̃ fuit quarta mensis Decembris.</marc:subfield></marc:datafield><marc:datafield tag="300" ind1=" " ind2=" "><marc:subfield code="a">[722] p. (the first [2] p. blank) ;</marc:subfield><marc:subfield code="c">30 cm. (fol.)</marc:subfield></marc:datafield><marc:datafield tag="500" ind1=" " ind2=" "><marc:subfield code="a">Title from incipit (leaf [a]2r).</marc:subfield></marc:datafield><marc:datafield tag="500" ind1=" " ind2=" "><marc:subfield code="a">Imprint from colophon (leaf [N]12r).</marc:subfield></marc:datafield><marc:datafield tag="500" ind1=" " ind2=" "><marc:subfield code="a">Signatures: [a-s]¹⁰, [t]⁸, [v-z]¹⁰, [A-E]¹⁰, [F]¹²(-F8), [G-M]¹⁰, [N]¹².</marc:subfield></marc:datafield><marc:datafield tag="500" ind1=" " ind2=" "><marc:subfield code="a">Leaf [a]2 printed in red and black.</marc:subfield></marc:datafield><marc:datafield tag="500" ind1=" " ind2=" "><marc:subfield code="a">Capital spaces.</marc:subfield></marc:datafield><marc:datafield tag="510" ind1="4" ind2=" "><marc:subfield code="a">Goff</marc:subfield><marc:subfield code="c">P-452.</marc:subfield></marc:datafield><marc:datafield tag="510" ind1="4" ind2=" "><marc:subfield code="a">BM 15th cent.,</marc:subfield><marc:subfield code="c">III, p. 738 (IB.37182).</marc:subfield></marc:datafield><marc:datafield tag="510" ind1="4" ind2=" "><marc:subfield code="a">Hain</marc:subfield><marc:subfield code="c">2818*.</marc:subfield></marc:datafield><marc:datafield tag="590" ind1=" " ind2=" "><marc:subfield code="a">Folger copy: leaf [a]1, blank, lacking; mold damage in last gathering, affecting text on last leaves; edges trimmed affecting manuscript quiring.</marc:subfield></marc:datafield><marc:datafield tag="590" ind1=" " ind2=" "><marc:subfield code="a">First initial painted in red, blue, and green; initial on leaf [a]5r in red and blue; other initials in alternate red and blue; initial strokes, paragraph marks, and underlining in red paint throughout; some unevenly printed letters filled-in in same red paint; a few manuscript notes in red.</marc:subfield></marc:datafield><marc:datafield tag="590" ind1=" " ind2=" "><marc:subfield code="a">Marginalia added in brown ink on 1st leaf of text; lines added to text on leaves [r]5v and [E]10v; manuscript quiring.</marc:subfield></marc:datafield><marc:datafield tag="590" ind1=" " ind2=" "><marc:subfield code="a">Inscription on leaf [a]2r: &quot;Pie me[m]orie D[omi]n[u]s Gotfrid[us] bischoff doctor sac[r]e theo[logi]e de[di]t hu[n]c lib[rum] Carth[usie]n[si] dom[ui] s[an]c[t]i ioh[ann]is bap[tis]te in hassia [for the Carthusian house at Eppenberg]&quot;; inscription on front pastedown &quot;Ex libris Ed. G. Duff E. coll: Wadh: Oxon.&quot;; bookplate of W.T. Smedley; purchased in 1924.</marc:subfield></marc:datafield><marc:datafield tag="590" ind1=" " ind2=" "><marc:subfield code="a">In a later brown leather binding on cardboard covers, including later manuscript fragments; evidence of early manuscript fragments used as reinforcement in a few gatherings; leaf [k]5 repaired with vellum fragments.</marc:subfield></marc:datafield><marc:datafield tag="655" ind1=" " ind2="7"><marc:subfield code="a">Illuminations.</marc:subfield><marc:subfield code="2">gmgpc</marc:subfield></marc:datafield><marc:datafield tag="655" ind1=" " ind2="7"><marc:subfield code="a">Manuscript waste (Binding)</marc:subfield><marc:subfield code="2">rbbin</marc:subfield></marc:datafield><marc:datafield tag="740" ind1="0" ind2=" "><marc:subfield code="a">Super omnia opera diuini doctoris Thome Aquinatis tabula.</marc:subfield></marc:datafield><marc:datafield tag="700" ind1="1" ind2=" "><marc:subfield code="a">Bischoff, Gotfridus,</marc:subfield><marc:subfield code="e">former owner.</marc:subfield></marc:datafield><marc:datafield tag="700" ind1="1" ind2=" "><marc:subfield code="a">Smedley, William T.</marc:subfield><marc:subfield code="q">(William Thomas),</marc:subfield><marc:subfield code="d">b. 1851,</marc:subfield><marc:subfield code="e">former owner.</marc:subfield></marc:datafield><marc:datafield tag="700" ind1="1" ind2=" "><marc:subfield code="a">Duff, E. Gordon</marc:subfield><marc:subfield code="q">(Edward Gordon),</marc:subfield><marc:subfield code="d">1863-1924,</marc:subfield><marc:subfield code="e">former owner.</marc:subfield></marc:datafield><marc:datafield tag="710" ind1="2" ind2=" "><marc:subfield code="a">Kartause Eppenberg,</marc:subfield><marc:subfield code="e">former owner.</marc:subfield></marc:datafield><marc:datafield tag="700" ind1="1" ind2=" "><marc:subfield code="a">Richel, Bernhard,</marc:subfield><marc:subfield code="d">d. 1482,</marc:subfield><marc:subfield code="e">printer.</marc:subfield></marc:datafield><marc:datafield tag="752" ind1="1" ind2="0"><marc:subfield code="d">Basel.</marc:subfield></marc:datafield><marc:datafield tag="100" ind1="0" ind2=" "><marc:subfield code="a">Pietro,</marc:subfield><marc:subfield code="c">da Bergamo,</marc:subfield><marc:subfield code="d">d. 1482.</marc:subfield></marc:datafield><marc:datafield tag="600" ind1="0" ind2="0"><marc:subfield code="a">Thomas,</marc:subfield><marc:subfield code="c">Aquinas, Saint,</marc:subfield><marc:subfield code="d">1225?-1274.</marc:subfield></marc:datafield><marc:datafield tag="950" ind1=" " ind2=" "><marc:subfield code="l">RARE</marc:subfield><marc:subfield code="i">09/29/95 C</marc:subfield></marc:datafield><marc:datafield tag="998" ind1=" " ind2=" "><marc:subfield code="a">09/29/95</marc:subfield><marc:subfield code="t">c</marc:subfield><marc:subfield code="s">9114</marc:subfield><marc:subfield code="n">DFo</marc:subfield><marc:subfield code="w">DCFG95B2039</marc:subfield><marc:subfield code="d">09/06/95</marc:subfield><marc:subfield code="c">ML</marc:subfield><marc:subfield code="b">MT</marc:subfield><marc:subfield code="l">DCFG</marc:subfield></marc:datafield></marc:record>