
<marc:record><marc:leader>03113cam a2200481 a 4500</marc:leader>
<marc:controlfield tag="001">89859</marc:controlfield>
<marc:controlfield tag="005">20110119170008.0</marc:controlfield><marc:controlfield tag="008">940531s1492    it j          000 0 lat  </marc:controlfield><marc:datafield tag="010" ind1=" " ind2=" "><marc:subfield code="a">   91151849 </marc:subfield></marc:datafield><marc:datafield tag="035" ind1=" " ind2=" "><marc:subfield code="9">DCFG94-B2334</marc:subfield></marc:datafield><marc:datafield tag="040" ind1=" " ind2=" "><marc:subfield code="a">DLC</marc:subfield><marc:subfield code="c">DLC</marc:subfield><marc:subfield code="d">DLC</marc:subfield><marc:subfield code="e">bdrb</marc:subfield><marc:subfield code="d">DFo</marc:subfield><marc:subfield code="d">UtOrBLW</marc:subfield></marc:datafield><marc:datafield tag="050" ind1="0" ind2="0"><marc:subfield code="a">Incun. 1492</marc:subfield><marc:subfield code="b">.B73</marc:subfield><marc:subfield code="a">D17</marc:subfield></marc:datafield><marc:datafield tag="090" ind1=" " ind2=" "><marc:subfield code="b">INC B925</marc:subfield><marc:subfield code="f">cs1187</marc:subfield><marc:subfield code="t">6̃00</marc:subfield><marc:subfield code="t">6̃50</marc:subfield><marc:subfield code="t">6̃51</marc:subfield><marc:subfield code="i">06/27/94 C</marc:subfield></marc:datafield><marc:datafield tag="100" ind1="1" ind2=" "><marc:subfield code="a">Bossius, Donatus,</marc:subfield><marc:subfield code="d">1436-ca. 1500.</marc:subfield></marc:datafield><marc:datafield tag="245" ind1="1" ind2="0"><marc:subfield code="a">Chronica Bossiana :</marc:subfield><marc:subfield code="b">Donati Bossii causidici &amp; ciuis Mediolane[n]sis, gestor[um] dictorumq[ue] memorabilium &amp; tempor[um] ac co[n]ditionu[m] &amp; mutationum humanarum ab orbis initio usq[ue] ad eius tempora liber ...</marc:subfield></marc:datafield><marc:datafield tag="260" ind1=" " ind2=" "><marc:subfield code="a">Impressum fuit in inclyta ciuitate Mediolani :</marc:subfield><marc:subfield code="b">P[er] ... Antonium Zarotum Parmensem, ad impensas ... Donati Bossii, ciuis Mediolanensis ...,</marc:subfield><marc:subfield code="c">1492 Calendis Martiis [1 Mar.]</marc:subfield></marc:datafield><marc:datafield tag="300" ind1=" " ind2=" "><marc:subfield code="a">[336] p. :</marc:subfield><marc:subfield code="b">1 geneal. table (woodcut) ;</marc:subfield><marc:subfield code="c">32 cm. (fol.)</marc:subfield></marc:datafield><marc:datafield tag="500" ind1=" " ind2=" "><marc:subfield code="a">Caption title (leaf a2r).</marc:subfield></marc:datafield><marc:datafield tag="500" ind1=" " ind2=" "><marc:subfield code="a">Includes &quot;Omnes Episcopi &amp; Archiepiscopi Mediolani&quot; at end.</marc:subfield></marc:datafield><marc:datafield tag="500" ind1=" " ind2=" "><marc:subfield code="a">Imprint extracted from colophon (leaf y4r).</marc:subfield></marc:datafield><marc:datafield tag="500" ind1=" " ind2=" "><marc:subfield code="a">Signatures: a-r⁸, s¹⁰, t⁶, u⁸, x-y⁴ (c3 signed b3).</marc:subfield></marc:datafield><marc:datafield tag="500" ind1=" " ind2=" "><marc:subfield code="a">The geneal. table, printed in red on leaf a1v is captioned: Genealogia Vicecomitum Principum Mediolani descendentium de Inuorio Ducatus Mediolani.</marc:subfield></marc:datafield><marc:datafield tag="500" ind1=" " ind2=" "><marc:subfield code="a">Capital spaces with guide letters on leaves a2, a4 and a5.</marc:subfield></marc:datafield><marc:datafield tag="510" ind1="4" ind2=" "><marc:subfield code="a">Goff</marc:subfield><marc:subfield code="c">B-1040.</marc:subfield></marc:datafield><marc:datafield tag="510" ind1="4" ind2=" "><marc:subfield code="a">GW</marc:subfield><marc:subfield code="c">4952.</marc:subfield></marc:datafield><marc:datafield tag="510" ind1="4" ind2=" "><marc:subfield code="a">BM 15th cent.,</marc:subfield><marc:subfield code="c">VI, p. 722 (IB.26067).</marc:subfield></marc:datafield><marc:datafield tag="590" ind1=" " ind2=" "><marc:subfield code="a">Folger copy: edges have been trimmed affecting some of the manuscript notes; leaf g8, torn, has been repaired, slightly affecting marginalia.</marc:subfield></marc:datafield><marc:datafield tag="590" ind1=" " ind2=" "><marc:subfield code="a">Early manuscript notes in several hands and a few fists in brown ink in margins; some manuscript additions in geneal. table.</marc:subfield></marc:datafield><marc:datafield tag="590" ind1=" " ind2=" "><marc:subfield code="a">Manuscript numbering of leaves in red ink, starting on leaf a2, reading: 1-163, 1-4.</marc:subfield></marc:datafield><marc:datafield tag="590" ind1=" " ind2=" "><marc:subfield code="a">Calculations and inscriptions on leaf a1r, one of them reading: &quot;Prosper Galleratus anno domini i58i etatis sue 3i librum hunc legebat&quot; (another inscription on verso of last leaf mentions the participation of Ferrante and Prospero Gallerato in the peace process between Parma and the Count Renato Borromeo on May 16, 1601); on same leaf at end, inscription reading : &quot;Ego p[res]b[yte]r Io: Iacobus Horigonus filius dñi vincentij Horigoni paroquie Sti Mabirij ... sacerdos huius prepositure [S. Materno] est ...&quot;; handwritten shelfmark on front pastedown &quot;Qs. VII. 24.&quot;.</marc:subfield></marc:datafield><marc:datafield tag="651" ind1=" " ind2="0"><marc:subfield code="a">Milan (Italy)</marc:subfield><marc:subfield code="x">History.</marc:subfield></marc:datafield><marc:datafield tag="650" ind1=" " ind2="0"><marc:subfield code="a">Bishops</marc:subfield><marc:subfield code="z">Italy</marc:subfield><marc:subfield code="z">Milan.</marc:subfield></marc:datafield><marc:datafield tag="650" ind1=" " ind2="0"><marc:subfield code="a">World history</marc:subfield><marc:subfield code="v">Early works to 1800.</marc:subfield></marc:datafield><marc:datafield tag="650" ind1=" " ind2="0"><marc:subfield code="a">Chronology, Historical.</marc:subfield></marc:datafield><marc:datafield tag="600" ind1="3" ind2="0"><marc:subfield code="a">Visconti family.</marc:subfield></marc:datafield><marc:datafield tag="655" ind1=" " ind2="7"><marc:subfield code="a">Annotations (Provenance)</marc:subfield><marc:subfield code="2">rbprov</marc:subfield></marc:datafield><marc:datafield tag="730" ind1="0" ind2="2"><marc:subfield code="a">Series episcoporum et archiepiscoporum Mediolanensium.</marc:subfield><marc:subfield code="f">1492.</marc:subfield></marc:datafield><marc:datafield tag="700" ind1="1" ind2=" "><marc:subfield code="a">Gallerato, Prospero,</marc:subfield><marc:subfield code="d">b. ca. 1550,</marc:subfield><marc:subfield code="e">former owner.</marc:subfield></marc:datafield><marc:datafield tag="700" ind1="1" ind2=" "><marc:subfield code="a">Horigonus, Johannes Jacobus,</marc:subfield><marc:subfield code="e">former owner.</marc:subfield></marc:datafield><marc:datafield tag="700" ind1="1" ind2=" "><marc:subfield code="a">Zarotto, Antonio,</marc:subfield><marc:subfield code="e">printer.</marc:subfield></marc:datafield><marc:datafield tag="752" ind1=" " ind2=" "><marc:subfield code="a">Italy</marc:subfield><marc:subfield code="d">Milan.</marc:subfield></marc:datafield><marc:datafield tag="950" ind1=" " ind2=" "><marc:subfield code="l">RARE</marc:subfield><marc:subfield code="i">06/27/94 C</marc:subfield></marc:datafield><marc:datafield tag="998" ind1=" " ind2=" "><marc:subfield code="a">06/27/94</marc:subfield><marc:subfield code="t">c</marc:subfield><marc:subfield code="s">9110</marc:subfield><marc:subfield code="n">DFo</marc:subfield><marc:subfield code="w">DCFG94B2334</marc:subfield><marc:subfield code="d">05/31/94</marc:subfield><marc:subfield code="c">ML</marc:subfield><marc:subfield code="b">MT</marc:subfield><marc:subfield code="l">DCFG</marc:subfield></marc:datafield></marc:record>