
<marc:record><marc:leader>03469cam a2200541 a 4500</marc:leader>
<marc:controlfield tag="001">79757</marc:controlfield>
<marc:controlfield tag="005">20110119165451.0</marc:controlfield><marc:controlfield tag="008">920909s1490    it            000 0 lat d</marc:controlfield><marc:datafield tag="035" ind1=" " ind2=" "><marc:subfield code="9">DCFG92-B5594</marc:subfield></marc:datafield><marc:datafield tag="040" ind1=" " ind2=" "><marc:subfield code="a">PU</marc:subfield><marc:subfield code="c">PU</marc:subfield><marc:subfield code="d">DFo</marc:subfield><marc:subfield code="e">dcrb</marc:subfield><marc:subfield code="d">UtOrBLW</marc:subfield></marc:datafield><marc:datafield tag="090" ind1=" " ind2=" "><marc:subfield code="b">INC A527</marc:subfield><marc:subfield code="f">cs947</marc:subfield><marc:subfield code="i">08/09/94 N</marc:subfield><marc:subfield code="h">11/17/93 N</marc:subfield><marc:subfield code="h">06/30/93 C</marc:subfield></marc:datafield><marc:datafield tag="100" ind1="1" ind2=" "><marc:subfield code="a">Andreae, Antonius,</marc:subfield><marc:subfield code="d">d. ca. 1320.</marc:subfield></marc:datafield><marc:datafield tag="240" ind1="1" ind2="0"><marc:subfield code="a">Quaestiones de tribus principiis rerum naturalium</marc:subfield></marc:datafield><marc:datafield tag="245" ind1="1" ind2="0"><marc:subfield code="a">Tria principia clarissimi Doctoris Antonij Andree secundu[m] doctrina[m] doctoris subtilis Scoti. Nec non [et] Expositio Francisci Mayronis doctoris illuminati super octo libros Phisico[rum] valde vtil[is] [et] breuis iuxta Ari. propositiones [et] demonstrationes ; [et] Formalitates eiusdem ; [Tractatus eiusdem de principio complexo ; Tractatus eiusdem de terminis theologicis. Tractatus de ente [et] essencia secundum Thomam].</marc:subfield></marc:datafield><marc:datafield tag="246" ind1="3" ind2="3"><marc:subfield code="a">Tria principia ... secundu[m] doctrina[m] doctoris subtilis Scoti</marc:subfield></marc:datafield><marc:datafield tag="260" ind1=" " ind2=" "><marc:subfield code="a">Impressum in inclita ciuitate Ferrarie ... :</marc:subfield><marc:subfield code="b">Per Magistrum Laurencium de Rubeis de Valentia,</marc:subfield><marc:subfield code="c">anno Domini, 1490, v. Idus Madij [11 May]</marc:subfield></marc:datafield><marc:datafield tag="300" ind1=" " ind2=" "><marc:subfield code="a">[252] p. ;</marc:subfield><marc:subfield code="c">20 cm. (4to)</marc:subfield></marc:datafield><marc:datafield tag="500" ind1=" " ind2=" "><marc:subfield code="a">No collective title; title taken from caption title (leaf a2r) and from list of contents (leaf r8v).</marc:subfield></marc:datafield><marc:datafield tag="500" ind1=" " ind2=" "><marc:subfield code="a">Edited by Petrus Malfeta.</marc:subfield></marc:datafield><marc:datafield tag="500" ind1=" " ind2=" "><marc:subfield code="a">Printed in 2 columns.</marc:subfield></marc:datafield><marc:datafield tag="500" ind1=" " ind2=" "><marc:subfield code="a">Imprint from colophon (leaf r8r), which reads: Impressum in inclita Ciuitate Ferrarie regnante Hercule Duce secundo per Magistrum Laurencium de rubeis de valentia Anno domini. M.cccc.lxxxx. .v. Idus Madij.</marc:subfield></marc:datafield><marc:datafield tag="500" ind1=" " ind2=" "><marc:subfield code="a">Signatures: a-l⁸, m⁴, n⁶, o⁸, p-q⁶, r⁸ (r1 and r2 signed r3 and r4).</marc:subfield></marc:datafield><marc:datafield tag="500" ind1=" " ind2=" "><marc:subfield code="a">On leaves r3, r4 the signature-letter has been stamped in.</marc:subfield></marc:datafield><marc:datafield tag="500" ind1=" " ind2=" "><marc:subfield code="a">Leaf a1r blank; printer's dedicatory letter on verso.</marc:subfield></marc:datafield><marc:datafield tag="500" ind1=" " ind2=" "><marc:subfield code="a">Printer's woodcut device on leaf r8r.</marc:subfield></marc:datafield><marc:datafield tag="500" ind1=" " ind2=" "><marc:subfield code="a">Capital spaces, mostly with guide-letters.</marc:subfield></marc:datafield><marc:datafield tag="510" ind1="4" ind2=" "><marc:subfield code="a">Hain</marc:subfield><marc:subfield code="c">989.</marc:subfield></marc:datafield><marc:datafield tag="510" ind1="4" ind2=" "><marc:subfield code="a">Goff</marc:subfield><marc:subfield code="c">A-589.</marc:subfield></marc:datafield><marc:datafield tag="510" ind1="4" ind2=" "><marc:subfield code="a">GW</marc:subfield><marc:subfield code="c">1668.</marc:subfield></marc:datafield><marc:datafield tag="510" ind1="4" ind2=" "><marc:subfield code="a">BM STC 15th cent.,</marc:subfield><marc:subfield code="c">VI, p. 612.</marc:subfield></marc:datafield><marc:datafield tag="500" ind1=" " ind2=" "><marc:subfield code="a">Includes register.</marc:subfield></marc:datafield><marc:datafield tag="590" ind1=" " ind2=" "><marc:subfield code="a">Folger copy: leaves [2]-[65] numbered by hand in brown ink, 1-64, in upper right corner of the verso of each leaf; errors in printing of signatures on leaves r1 and r2 have been corrected by hand.</marc:subfield></marc:datafield><marc:datafield tag="590" ind1=" " ind2=" "><marc:subfield code="a">Early manuscript notes in the first quire in brown ink, in different hands, along with some rubrication and underlining in the same ink. A few other manuscript notes and marks of rubrication in red ink in the first quire.</marc:subfield></marc:datafield><marc:datafield tag="590" ind1=" " ind2=" "><marc:subfield code="a">Several manuscript lines on verso of last leaf. Marks of ownership from a monastery and bookstamps, have been erased or crossed out at the beginning of the book.</marc:subfield></marc:datafield><marc:datafield tag="590" ind1=" " ind2=" "><marc:subfield code="a">Handwritten shelfmark on vellum spine (J IV Mayron Physico[rum]); a book label with handwritten number (661), partially erased, on front cover; repaired.</marc:subfield></marc:datafield><marc:datafield tag="590" ind1=" " ind2=" "><marc:subfield code="a">Purchased in 1921.</marc:subfield></marc:datafield><marc:datafield tag="600" ind1="1" ind2="0"><marc:subfield code="a">Duns Scotus, John,</marc:subfield><marc:subfield code="d">ca. 1266-1308.</marc:subfield></marc:datafield><marc:datafield tag="650" ind1=" " ind2="0"><marc:subfield code="a">Philosophy.</marc:subfield></marc:datafield><marc:datafield tag="650" ind1=" " ind2="0"><marc:subfield code="a">Theology, Doctrinal.</marc:subfield></marc:datafield><marc:datafield tag="655" ind1=" " ind2="7"><marc:subfield code="a">Annotations (Provenance)</marc:subfield><marc:subfield code="2">rbprov</marc:subfield></marc:datafield><marc:datafield tag="700" ind1="1" ind2=" "><marc:subfield code="a">Malfeta, Petrus.</marc:subfield></marc:datafield><marc:datafield tag="700" ind1="1" ind2=" "><marc:subfield code="a">Rossi, Lorenzo,</marc:subfield><marc:subfield code="d">fl. 1482-1521,</marc:subfield><marc:subfield code="e">printer.</marc:subfield></marc:datafield><marc:datafield tag="752" ind1="1" ind2="0"><marc:subfield code="d">Ferrara.</marc:subfield></marc:datafield><marc:datafield tag="600" ind1="0" ind2="0"><marc:subfield code="a">Aristotle.</marc:subfield><marc:subfield code="t">Physics.</marc:subfield></marc:datafield><marc:datafield tag="700" ind1="0" ind2="2"><marc:subfield code="a">Franciscus,</marc:subfield><marc:subfield code="c">de Mayronis,</marc:subfield><marc:subfield code="d">ca. 1285-ca. 1328.</marc:subfield><marc:subfield code="t">Selections.</marc:subfield><marc:subfield code="f">1490.</marc:subfield></marc:datafield><marc:datafield tag="700" ind1="0" ind2="2"><marc:subfield code="a">Thomas,</marc:subfield><marc:subfield code="c">Aquinas, Saint,</marc:subfield><marc:subfield code="d">1225?-1274.</marc:subfield><marc:subfield code="t">De ente et essentia.</marc:subfield><marc:subfield code="f">1490.</marc:subfield></marc:datafield><marc:datafield tag="950" ind1=" " ind2=" "><marc:subfield code="l">RARE</marc:subfield><marc:subfield code="h">06/30/93 C</marc:subfield></marc:datafield><marc:datafield tag="998" ind1=" " ind2=" "><marc:subfield code="a">08/09/94</marc:subfield><marc:subfield code="t">c</marc:subfield><marc:subfield code="s">9114</marc:subfield><marc:subfield code="n">DFo</marc:subfield><marc:subfield code="w">PAUGEAE0142B</marc:subfield><marc:subfield code="d">09/09/92</marc:subfield><marc:subfield code="c">ML</marc:subfield><marc:subfield code="b">MT</marc:subfield><marc:subfield code="l">DCFG</marc:subfield></marc:datafield></marc:record>