
<marc:record><marc:leader>02842cam a2200505 a 4500</marc:leader>
<marc:controlfield tag="001">89896</marc:controlfield>
<marc:controlfield tag="005">20110119170009.0</marc:controlfield><marc:controlfield tag="008">940614s1493    it            001 0 lat d</marc:controlfield><marc:datafield tag="035" ind1=" " ind2=" "><marc:subfield code="9">DCFG94-B2455</marc:subfield></marc:datafield><marc:datafield tag="040" ind1=" " ind2=" "><marc:subfield code="a">DFo</marc:subfield><marc:subfield code="c">DFo</marc:subfield><marc:subfield code="e">dcrb</marc:subfield><marc:subfield code="d">UtOrBLW</marc:subfield></marc:datafield><marc:datafield tag="090" ind1=" " ind2=" "><marc:subfield code="b">INC B1181</marc:subfield><marc:subfield code="f">cs844</marc:subfield><marc:subfield code="t">6̃00</marc:subfield><marc:subfield code="t">6̃90</marc:subfield><marc:subfield code="t">7̃30</marc:subfield><marc:subfield code="t">7̃96-3</marc:subfield><marc:subfield code="i">06/23/94 C</marc:subfield></marc:datafield><marc:datafield tag="245" ind1="1" ind2="0"><marc:subfield code="a">Mariale de excelle[n]tiis regine celi.</marc:subfield></marc:datafield><marc:datafield tag="260" ind1=" " ind2=" "><marc:subfield code="a">Impressum Mediolani :</marc:subfield><marc:subfield code="b">Per Magistrum Leonardum Pachel,</marc:subfield><marc:subfield code="c">anno Domini 1493, die xxi Maij.</marc:subfield></marc:datafield><marc:datafield tag="300" ind1=" " ind2=" "><marc:subfield code="a">[776] p. ;</marc:subfield><marc:subfield code="c">22 cm. (4to)</marc:subfield></marc:datafield><marc:datafield tag="500" ind1=" " ind2=" "><marc:subfield code="a">Additions by Domenico Ponzoni.</marc:subfield></marc:datafield><marc:datafield tag="500" ind1=" " ind2=" "><marc:subfield code="a">Includes the Little office of the Immaculate Conception, edited by Bernardino de' Busti.</marc:subfield></marc:datafield><marc:datafield tag="500" ind1=" " ind2=" "><marc:subfield code="a">Imprint from colophon.</marc:subfield></marc:datafield><marc:datafield tag="500" ind1=" " ind2=" "><marc:subfield code="a">Signatures: A⁸, B⁶, a-z⁸, [et]⁸, [con]⁸, [rum]⁸, [2nd]A-V⁸, X⁶ (b3 and b4 signed a3 and a4, c2 signed c3, n1 signed l1, x2 signed x1, R2 signed R5, S1 signed S2).</marc:subfield></marc:datafield><marc:datafield tag="500" ind1=" " ind2=" "><marc:subfield code="a">Includes 3 vignettes (metalcuts?) repeated throughout the book (63 total). Cf. Sander 1480.</marc:subfield></marc:datafield><marc:datafield tag="500" ind1=" " ind2=" "><marc:subfield code="a">Printed initials.</marc:subfield></marc:datafield><marc:datafield tag="500" ind1=" " ind2=" "><marc:subfield code="a">Printed in 2 columns.</marc:subfield></marc:datafield><marc:datafield tag="500" ind1=" " ind2=" "><marc:subfield code="a">Includes register.</marc:subfield></marc:datafield><marc:datafield tag="500" ind1=" " ind2=" "><marc:subfield code="a">Errata: leaf X6v.</marc:subfield></marc:datafield><marc:datafield tag="510" ind1="4" ind2=" "><marc:subfield code="a">Goff</marc:subfield><marc:subfield code="c">B-1333.</marc:subfield></marc:datafield><marc:datafield tag="510" ind1="4" ind2=" "><marc:subfield code="a">BM 15th cent.,</marc:subfield><marc:subfield code="c">VI, p. 779 (IA.26668).</marc:subfield></marc:datafield><marc:datafield tag="510" ind1="4" ind2=" "><marc:subfield code="a">GW</marc:subfield><marc:subfield code="c">5804.</marc:subfield></marc:datafield><marc:datafield tag="500" ind1=" " ind2=" "><marc:subfield code="a">Includes index.</marc:subfield></marc:datafield><marc:datafield tag="590" ind1=" " ind2=" "><marc:subfield code="a">Folger copy lacks leaves f8, A1 and X6 (the last one with register, errata and device); last gathering misbound, reading: X1, X4, X3, X2, X5.</marc:subfield></marc:datafield><marc:datafield tag="590" ind1=" " ind2=" "><marc:subfield code="a">A few manuscript notes, brackets and fists in brown ink.</marc:subfield></marc:datafield><marc:datafield tag="590" ind1=" " ind2=" "><marc:subfield code="a">Several ownership inscriptions on t.p.: &quot;Ad vsum fr̃is B[ar]tolomej Seronẽsis or[din]is Mino[rum]&quot; (repeated on leaf [1st]B6v), &quot;P. A. Balbis [or Galbis?] Ang̃li&quot;, &quot;Post usu[m] fris B[ar]tolomej [...?] i[n] dono datu[m] mihi Fri Io'. Anto[ni]o carmelite, [...?] usu[m]&quot;, and &quot;Vice Par[]us Coadiutor Galbiati Rdus Presbr. Carolus A Turri hunc libru[m] dono dedit Bibliotechae RR. PP. Reform. Montis Barij Anno 1766 [for the Cistercians of Montbard?]&quot;; bookplate of Robert Proctor bearing his (?) number in pencil &quot;[Delta] d 12&quot;; purchased in 1916.</marc:subfield></marc:datafield><marc:datafield tag="590" ind1=" " ind2=" "><marc:subfield code="a">Repaired.</marc:subfield></marc:datafield><marc:datafield tag="655" ind1=" " ind2="7"><marc:subfield code="a">Illustrated works</marc:subfield><marc:subfield code="y">15th and 16th centuries.</marc:subfield><marc:subfield code="2">rbgenr</marc:subfield></marc:datafield><marc:datafield tag="700" ind1="1" ind2=" "><marc:subfield code="a">Ponzoni, Domenico.</marc:subfield></marc:datafield><marc:datafield tag="730" ind1="0" ind2=" "><marc:subfield code="a">Little office of the Immaculate Conception.</marc:subfield><marc:subfield code="f">1493.</marc:subfield></marc:datafield><marc:datafield tag="710" ind1="2" ind2=" "><marc:subfield code="a">Catholic Church.</marc:subfield><marc:subfield code="t">Office of the Blessed Virgin Mary.</marc:subfield><marc:subfield code="f">1493.</marc:subfield></marc:datafield><marc:datafield tag="700" ind1="1" ind2=" "><marc:subfield code="a">Balbis, A.,</marc:subfield><marc:subfield code="e">former owner.</marc:subfield></marc:datafield><marc:datafield tag="700" ind1="1" ind2=" "><marc:subfield code="a">Proctor, Robert,</marc:subfield><marc:subfield code="d">b. 1868,</marc:subfield><marc:subfield code="e">former owner.</marc:subfield></marc:datafield><marc:datafield tag="710" ind1="2" ind2=" "><marc:subfield code="a">Montbard.</marc:subfield><marc:subfield code="b">Cistercian priory,</marc:subfield><marc:subfield code="e">former owner.</marc:subfield></marc:datafield><marc:datafield tag="700" ind1="1" ind2=" "><marc:subfield code="a">Pachel, Leonhard,</marc:subfield><marc:subfield code="d">fl. 1477-1511,</marc:subfield><marc:subfield code="e">printer.</marc:subfield></marc:datafield><marc:datafield tag="752" ind1="1" ind2="0"><marc:subfield code="d">Milan.</marc:subfield></marc:datafield><marc:datafield tag="100" ind1="0" ind2=" "><marc:subfield code="a">Bernardino,</marc:subfield><marc:subfield code="c">de' Busti,</marc:subfield><marc:subfield code="d">ca. 1450-1513?</marc:subfield></marc:datafield><marc:datafield tag="600" ind1="0" ind2="0"><marc:subfield code="a">Mary,</marc:subfield><marc:subfield code="c">Blessed Virgin, Saint</marc:subfield><marc:subfield code="v">Sermons.</marc:subfield></marc:datafield><marc:datafield tag="700" ind1="1" ind2=" "><marc:subfield code="a">Bartholomaeus,</marc:subfield><marc:subfield code="c">Seronensis,</marc:subfield><marc:subfield code="e">former owner.</marc:subfield></marc:datafield><marc:datafield tag="950" ind1=" " ind2=" "><marc:subfield code="l">RARE</marc:subfield><marc:subfield code="i">06/23/94 C</marc:subfield></marc:datafield><marc:datafield tag="998" ind1=" " ind2=" "><marc:subfield code="a">06/23/94</marc:subfield><marc:subfield code="t">c</marc:subfield><marc:subfield code="s">9114</marc:subfield><marc:subfield code="n">DFo</marc:subfield><marc:subfield code="w">DCFG94B2455</marc:subfield><marc:subfield code="d">06/14/94</marc:subfield><marc:subfield code="c">ML</marc:subfield><marc:subfield code="b">MT</marc:subfield><marc:subfield code="l">DCFG</marc:subfield></marc:datafield></marc:record>