
<marc:record><marc:leader>03363cam a2200469 a 4500</marc:leader>
<marc:controlfield tag="001">76921</marc:controlfield>
<marc:controlfield tag="005">20120822112741.0</marc:controlfield><marc:controlfield tag="008">880913s1480    it            000 0bita d</marc:controlfield><marc:datafield tag="035" ind1=" " ind2=" "><marc:subfield code="9">DCFG88-B1088</marc:subfield></marc:datafield><marc:datafield tag="040" ind1=" " ind2=" "><marc:subfield code="a">DFo</marc:subfield><marc:subfield code="c">DFo</marc:subfield><marc:subfield code="e">dcrb</marc:subfield><marc:subfield code="d">UtOrBLW</marc:subfield></marc:datafield><marc:datafield tag="041" ind1="1" ind2=" "><marc:subfield code="a">italat</marc:subfield></marc:datafield><marc:datafield tag="090" ind1=" " ind2=" "><marc:subfield code="b">INC H232</marc:subfield><marc:subfield code="f">cs845</marc:subfield><marc:subfield code="t">6̃00</marc:subfield><marc:subfield code="t">6̃55</marc:subfield><marc:subfield code="t">7̃00-1</marc:subfield><marc:subfield code="t">7̃40</marc:subfield><marc:subfield code="t">7̃55</marc:subfield><marc:subfield code="i">01/30/95 C</marc:subfield><marc:subfield code="h">10/20/88 C</marc:subfield></marc:datafield><marc:datafield tag="130" ind1="0" ind2=" "><marc:subfield code="a">Vita et transitus Sancti Hieronymi.</marc:subfield><marc:subfield code="l">Italian.</marc:subfield></marc:datafield><marc:datafield tag="245" ind1="1" ind2="0"><marc:subfield code="a">Comencia la uita del glorioso sancto Hieronimo doctore excellentissimo.</marc:subfield></marc:datafield><marc:datafield tag="260" ind1=" " ind2=" "><marc:subfield code="a">Impressum Mediolani :</marc:subfield><marc:subfield code="b">[Filippo da Lavagna],</marc:subfield><marc:subfield code="c">anno Domini 1480 die septimo decimo Luliii [sic]</marc:subfield></marc:datafield><marc:datafield tag="300" ind1=" " ind2=" "><marc:subfield code="a">[160] p. ;</marc:subfield><marc:subfield code="c">25 cm. (4to and 8vo)</marc:subfield></marc:datafield><marc:datafield tag="500" ind1=" " ind2=" "><marc:subfield code="a">Translation of Vita et transitus Sancti Hieronymi (i.e. Eusebius of Cremona's Epistola de morte Hieronymi).</marc:subfield></marc:datafield><marc:datafield tag="500" ind1=" " ind2=" "><marc:subfield code="a">Title from incipit (leaf a2r).</marc:subfield></marc:datafield><marc:datafield tag="500" ind1=" " ind2=" "><marc:subfield code="a">Leaf a6r reads: &quot;Comincia la epistola del beato Eusebio, la quale ma[n]do al beato Damasio uescouo di Portuense, et a Theodonio senatore di Roma del transito del barbato Hieronymo padre de eloquentia et di sanctita excellentissimo&quot;.  Leaf e7r reads: &quot;Comincia la epistola del Aurelio Augustino uescouo de Hipponense: la qual lui ma[n]do al uenerabile Cirillo uescouo de Ierusalem de le magnifice[n]tie et laude del glorioso Hieronymo&quot;. Leaf f5r reads: &quot;Comincia la epistola del uenerabile Cyrillo uescouo de Ierusalem ch[e] mando a sancto Augustino de miracoli di sancto Hieronymo&quot;.</marc:subfield></marc:datafield><marc:datafield tag="500" ind1=" " ind2=" "><marc:subfield code="a">Signatures: a-k⁸ (a1, k8 blank); (a3 signed d3).</marc:subfield></marc:datafield><marc:datafield tag="510" ind1="4" ind2=" "><marc:subfield code="a">Hain-Copinger</marc:subfield><marc:subfield code="c">8643.</marc:subfield></marc:datafield><marc:datafield tag="510" ind1="4" ind2=" "><marc:subfield code="a">BM 15th cent.</marc:subfield><marc:subfield code="c">VI, p. 707 (IA.26184).</marc:subfield></marc:datafield><marc:datafield tag="510" ind1="4" ind2=" "><marc:subfield code="a">GW</marc:subfield><marc:subfield code="c">9463.</marc:subfield></marc:datafield><marc:datafield tag="510" ind1="4" ind2=" "><marc:subfield code="a">Goff</marc:subfield><marc:subfield code="c">H-254.</marc:subfield></marc:datafield><marc:datafield tag="500" ind1=" " ind2=" "><marc:subfield code="a">Capital spaces with guide letters.</marc:subfield></marc:datafield><marc:datafield tag="590" ind1=" " ind2=" "><marc:subfield code="a">Folger copy imperfect: leaves a1, blank, a8, k1, and k8, blank, lacking; leaf a4v, stained, slightly affecting text.</marc:subfield></marc:datafield><marc:datafield tag="590" ind1=" " ind2=" "><marc:subfield code="a">Handpainted initial with margin extension and owner's coat of arms on leaf a2r, both illuminated; other initials provided in blue throughout the book.</marc:subfield></marc:datafield><marc:datafield tag="590" ind1=" " ind2=" "><marc:subfield code="a">Owner's coat of arms at foot of leaf a2r (azure, on a saltire argent, 3 fleur-de-lis or); purchased in 1916.</marc:subfield></marc:datafield><marc:datafield tag="590" ind1=" " ind2=" "><marc:subfield code="a">Rebound in 1978 using original leather sides and one of the original wooden boards; original goatskin blind tooled with diamond design in central panels and a scroll roll around the panel lines; evidence of 2 clasps on fore-edge (floral design catches on front cover); watermark reproduction loosely inserted in the book; in a tailored box.</marc:subfield></marc:datafield><marc:datafield tag="655" ind1=" " ind2="7"><marc:subfield code="a">Illuminations.</marc:subfield><marc:subfield code="2">gmgpc</marc:subfield></marc:datafield><marc:datafield tag="655" ind1=" " ind2="7"><marc:subfield code="a">Goatskin bindings (Binding)</marc:subfield><marc:subfield code="z">Italy</marc:subfield><marc:subfield code="y">15th century.</marc:subfield><marc:subfield code="2">rbbin</marc:subfield></marc:datafield><marc:datafield tag="740" ind1="0" ind2=" "><marc:subfield code="a">Comencia la vita del glorioso sancto Hieronimo doctore excellentissimo.</marc:subfield></marc:datafield><marc:datafield tag="700" ind1="1" ind2=" "><marc:subfield code="a">Lavagna, Filippo da,</marc:subfield><marc:subfield code="e">printer.</marc:subfield></marc:datafield><marc:datafield tag="752" ind1="1" ind2="0"><marc:subfield code="d">Milan.</marc:subfield></marc:datafield><marc:datafield tag="600" ind1="0" ind2="0"><marc:subfield code="a">Jerome,</marc:subfield><marc:subfield code="c">Saint,</marc:subfield><marc:subfield code="d">d. 419 or 20</marc:subfield><marc:subfield code="v">Legends.</marc:subfield></marc:datafield><marc:datafield tag="700" ind1="0" ind2=" "><marc:subfield code="a">Jerome,</marc:subfield><marc:subfield code="c">Saint,</marc:subfield><marc:subfield code="d">d. 419 or 20.</marc:subfield></marc:datafield><marc:datafield tag="700" ind1="0" ind2="2"><marc:subfield code="a">Eusebius,</marc:subfield><marc:subfield code="c">of Cremona, Saint,</marc:subfield><marc:subfield code="d">d. ca. 423.</marc:subfield><marc:subfield code="t">Epistola ad Damasium.</marc:subfield><marc:subfield code="l">Italian.</marc:subfield><marc:subfield code="f">1480.</marc:subfield></marc:datafield><marc:datafield tag="700" ind1="0" ind2="2"><marc:subfield code="a">Augustine,</marc:subfield><marc:subfield code="c">Saint, Bishop of Hippo.</marc:subfield><marc:subfield code="t">Epistola ad Cyrillum.</marc:subfield><marc:subfield code="l">Italian.</marc:subfield><marc:subfield code="f">1480.</marc:subfield></marc:datafield><marc:datafield tag="700" ind1="0" ind2="2"><marc:subfield code="a">Cyril,</marc:subfield><marc:subfield code="c">Saint, Bishop of Jerusalem,</marc:subfield><marc:subfield code="d">ca. 315-386.</marc:subfield><marc:subfield code="t">Epistola ad Augustinum.</marc:subfield><marc:subfield code="l">Italian.</marc:subfield><marc:subfield code="f">1480.</marc:subfield></marc:datafield><marc:datafield tag="856" ind1="4" ind2="1"><marc:subfield code="u">http://luna.folger.edu/luna/servlet/s/4ae3v6</marc:subfield><marc:subfield code="z">Binding images and description for Folger Shakespeare Library INC H232</marc:subfield></marc:datafield><marc:datafield tag="950" ind1=" " ind2=" "><marc:subfield code="l">RARE</marc:subfield><marc:subfield code="i">01/30/95 RL</marc:subfield><marc:subfield code="h">10/20/88 C</marc:subfield></marc:datafield><marc:datafield tag="998" ind1=" " ind2=" "><marc:subfield code="a">01/30/95</marc:subfield><marc:subfield code="t">c</marc:subfield><marc:subfield code="s">9114</marc:subfield><marc:subfield code="n">DFo</marc:subfield><marc:subfield code="w">DCFG88B1088</marc:subfield><marc:subfield code="d">09/13/88</marc:subfield><marc:subfield code="c">ML</marc:subfield><marc:subfield code="b">ML</marc:subfield><marc:subfield code="l">DCFG</marc:subfield></marc:datafield></marc:record>