
<marc:record><marc:leader>01975cam a2200385 a 4500</marc:leader>
<marc:controlfield tag="001">90072</marc:controlfield>
<marc:controlfield tag="005">20110119170018.0</marc:controlfield><marc:controlfield tag="008">941104s1489    it            000 0 lat d</marc:controlfield><marc:datafield tag="035" ind1=" " ind2=" "><marc:subfield code="9">DCFG94-B3389</marc:subfield></marc:datafield><marc:datafield tag="040" ind1=" " ind2=" "><marc:subfield code="a">DFo</marc:subfield><marc:subfield code="c">DFo</marc:subfield><marc:subfield code="e">dcrb</marc:subfield></marc:datafield><marc:datafield tag="090" ind1=" " ind2=" "><marc:subfield code="b">INC G85</marc:subfield><marc:subfield code="f">cs844</marc:subfield><marc:subfield code="t">6̃00</marc:subfield><marc:subfield code="i">11/18/94 C</marc:subfield></marc:datafield><marc:datafield tag="100" ind1="1" ind2=" "><marc:subfield code="a">Garsias, Pedro,</marc:subfield><marc:subfield code="c">Bishop of Usel,</marc:subfield><marc:subfield code="d">d. 1505.</marc:subfield></marc:datafield><marc:datafield tag="240" ind1="1" ind2="0"><marc:subfield code="a">Determinationes magistrales contra Conclusiones Joannis Pici Mirandulae</marc:subfield></marc:datafield><marc:datafield tag="245" ind1="1" ind2="0"><marc:subfield code="a">Petri Garsie Episcopi Vssellen[sis] ad sanctissimu[m] patrem [et] d[omi]n[u]m Innocentiu[m] Papa[m] viij. in Determinatio[n]es magistrales co[n]tra conclusiones apologales Ioannis Pici Mirandulani Concordie comitis, proemiu[m].</marc:subfield></marc:datafield><marc:datafield tag="260" ind1=" " ind2=" "><marc:subfield code="a">Impressum Rome :</marc:subfield><marc:subfield code="b">Per Euchariu[m] Silber alias Franck natione Alemanu[m],</marc:subfield><marc:subfield code="c">ab anno nostre Salutis 1489. die v[er]o xv. mensis Octobris.</marc:subfield></marc:datafield><marc:datafield tag="300" ind1=" " ind2=" "><marc:subfield code="a">[240] p. ;</marc:subfield><marc:subfield code="c">28 cm. (fol.)</marc:subfield></marc:datafield><marc:datafield tag="500" ind1=" " ind2=" "><marc:subfield code="a">Title from proem (leaf a2r).</marc:subfield></marc:datafield><marc:datafield tag="500" ind1=" " ind2=" "><marc:subfield code="a">Imprint from colophon (leaf r7r).</marc:subfield></marc:datafield><marc:datafield tag="500" ind1=" " ind2=" "><marc:subfield code="a">Signatures: a-b⁸, c⁶, d-e⁸, f⁶, g-h⁸, k⁶, l-m⁸, n⁶, o-r⁸.</marc:subfield></marc:datafield><marc:datafield tag="500" ind1=" " ind2=" "><marc:subfield code="a">Capital spaces with guide letters.</marc:subfield></marc:datafield><marc:datafield tag="500" ind1=" " ind2=" "><marc:subfield code="a">Includes register (in 2 columns).</marc:subfield></marc:datafield><marc:datafield tag="500" ind1=" " ind2=" "><marc:subfield code="a">Errata: leaf r5r.</marc:subfield></marc:datafield><marc:datafield tag="500" ind1=" " ind2=" "><marc:subfield code="a">The 1st and last leaves are blank.</marc:subfield></marc:datafield><marc:datafield tag="510" ind1="4" ind2=" "><marc:subfield code="a">Goff</marc:subfield><marc:subfield code="c">G-95.</marc:subfield></marc:datafield><marc:datafield tag="510" ind1="4" ind2=" "><marc:subfield code="a">BM 15th cent.,</marc:subfield><marc:subfield code="c">IV, p. 110 (IB.18896).</marc:subfield></marc:datafield><marc:datafield tag="510" ind1="4" ind2=" "><marc:subfield code="a">GW</marc:subfield><marc:subfield code="c">10549.</marc:subfield></marc:datafield><marc:datafield tag="590" ind1=" " ind2=" "><marc:subfield code="a">Folger copy: last leaf, blank, lacking.</marc:subfield></marc:datafield><marc:datafield tag="590" ind1=" " ind2=" "><marc:subfield code="a">A few early manuscript notes and markings in text in brown ink at the beginning and at the end of the book including references to other works by Giovanni Pico and other authors; leaves of text numbered by hand 1-118 with corresponding numbering in the table on leaf a2v.</marc:subfield></marc:datafield><marc:datafield tag="590" ind1=" " ind2=" "><marc:subfield code="a">Rebound.</marc:subfield></marc:datafield><marc:datafield tag="590" ind1=" " ind2=" "><marc:subfield code="a">Purchased in 1914.</marc:subfield></marc:datafield><marc:datafield tag="600" ind1="1" ind2="0"><marc:subfield code="a">Pico della Mirandola, Giovanni,</marc:subfield><marc:subfield code="d">1463-1494.</marc:subfield><marc:subfield code="t">Conclusiones.</marc:subfield></marc:datafield><marc:datafield tag="700" ind1="1" ind2=" "><marc:subfield code="a">Silber, Eucharius,</marc:subfield><marc:subfield code="d">fl. 1480-1510,</marc:subfield><marc:subfield code="e">printer.</marc:subfield></marc:datafield><marc:datafield tag="752" ind1="1" ind2="0"><marc:subfield code="d">Rome.</marc:subfield></marc:datafield><marc:datafield tag="950" ind1=" " ind2=" "><marc:subfield code="l">RARE</marc:subfield><marc:subfield code="i">11/18/94 C</marc:subfield></marc:datafield><marc:datafield tag="998" ind1=" " ind2=" "><marc:subfield code="a">11/18/94</marc:subfield><marc:subfield code="t">c</marc:subfield><marc:subfield code="s">9114</marc:subfield><marc:subfield code="n">DFo</marc:subfield><marc:subfield code="w">DCFG94B3389</marc:subfield><marc:subfield code="d">11/04/94</marc:subfield><marc:subfield code="c">ML</marc:subfield><marc:subfield code="b">MT</marc:subfield><marc:subfield code="l">DCFG</marc:subfield></marc:datafield></marc:record>