
<marc:record><marc:leader>03292cam a2200505 a 4500</marc:leader>
<marc:controlfield tag="001">89895</marc:controlfield>
<marc:controlfield tag="005">20120821153635.0</marc:controlfield><marc:controlfield tag="008">940614s1498    it            001 0 lat d</marc:controlfield><marc:datafield tag="035" ind1=" " ind2=" "><marc:subfield code="9">DCFG94-B2447</marc:subfield></marc:datafield><marc:datafield tag="040" ind1=" " ind2=" "><marc:subfield code="a">DFo</marc:subfield><marc:subfield code="c">DFo</marc:subfield><marc:subfield code="e">dcrb</marc:subfield><marc:subfield code="d">UtOrBLW</marc:subfield></marc:datafield><marc:datafield tag="090" ind1=" " ind2=" "><marc:subfield code="b">INC B1184</marc:subfield><marc:subfield code="t">6̃10</marc:subfield><marc:subfield code="t">6̃50</marc:subfield><marc:subfield code="t">7̃96-1</marc:subfield><marc:subfield code="t">7̃55</marc:subfield><marc:subfield code="i">11/14/94 N</marc:subfield><marc:subfield code="h">06/23/94 C</marc:subfield></marc:datafield><marc:datafield tag="245" ind1="1" ind2="0"><marc:subfield code="a">Rosarium sermonum predicabilium ad faciliorem predicantium co[m]moditatem nouissime co[m]pilatum :</marc:subfield><marc:subfield code="b">in quo quicquid preclarum &amp; utile in cu[n]ctis sermonariis usq[ue] in hodiernu[m] editis continetur ...</marc:subfield></marc:datafield><marc:datafield tag="260" ind1=" " ind2=" "><marc:subfield code="a">Impressum uero Venetiis ... :</marc:subfield><marc:subfield code="b">Per Georgium de Arriuabenis,</marc:subfield><marc:subfield code="c">ab anno Incarnationis dominice 1498, xvii. Kalen. Septembris [16 Aug.]</marc:subfield></marc:datafield><marc:datafield tag="300" ind1=" " ind2=" "><marc:subfield code="a">[30], 261 [i.e. 259], [1] leaves; [18], 409 [i.e.407], [1] leaves ;</marc:subfield><marc:subfield code="c">22 cm. (4to)</marc:subfield></marc:datafield><marc:datafield tag="500" ind1=" " ind2=" "><marc:subfield code="a">By Bernardino de' Busti.</marc:subfield></marc:datafield><marc:datafield tag="500" ind1=" " ind2=" "><marc:subfield code="a">Additions by Illuminatus Novariensis and Samuel Cassinensis.</marc:subfield></marc:datafield><marc:datafield tag="500" ind1=" " ind2=" "><marc:subfield code="a">In two pts.; each pt. has separate signatures and foliation, and special t.p., register and index.</marc:subfield></marc:datafield><marc:datafield tag="500" ind1=" " ind2=" "><marc:subfield code="a">Imprint from colophon at end of 2nd pt. (leaf 3E7v); colophon of 1st pt. (leaf 2g3v) is dated 31 May 1498.</marc:subfield></marc:datafield><marc:datafield tag="500" ind1=" " ind2=" "><marc:subfield code="a">Signatures: (1-4)⁸, 3-4⁸, 5⁶, a-z⁸, [et]⁸, [con]⁸, [rum]⁸, 2a-2f⁸, 2g⁴; [cross]⁸, 2[crosses]¹⁰, A-3E⁸ (m6 signed m4, and m4 unsigned, r2 signed r3, [cross]2 signed [cross], 2L3 signed 2I3).</marc:subfield></marc:datafield><marc:datafield tag="500" ind1=" " ind2=" "><marc:subfield code="a">Several errors in numbering of leaves.</marc:subfield></marc:datafield><marc:datafield tag="500" ind1=" " ind2=" "><marc:subfield code="a">Woodcut capitals as well as capital spaces with guide letters.</marc:subfield></marc:datafield><marc:datafield tag="500" ind1=" " ind2=" "><marc:subfield code="a">Printed in 2 columns.</marc:subfield></marc:datafield><marc:datafield tag="500" ind1=" " ind2=" "><marc:subfield code="a">Leaves 2g4 and 3E8 are blank.</marc:subfield></marc:datafield><marc:datafield tag="500" ind1=" " ind2=" "><marc:subfield code="a">Catchwords at end of quires.</marc:subfield></marc:datafield><marc:datafield tag="510" ind1="4" ind2=" "><marc:subfield code="a">Goff</marc:subfield><marc:subfield code="c">B-1336.</marc:subfield></marc:datafield><marc:datafield tag="510" ind1="4" ind2=" "><marc:subfield code="a">BM 15th cent.,</marc:subfield><marc:subfield code="c">V, p. 387 (IA.22572).</marc:subfield></marc:datafield><marc:datafield tag="510" ind1="4" ind2=" "><marc:subfield code="a">GW</marc:subfield><marc:subfield code="c">5807.</marc:subfield></marc:datafield><marc:datafield tag="590" ind1=" " ind2=" "><marc:subfield code="a">Folger copy lacks leaves 1 to 7 of 1st gathering; gathering O misbound reading O3, O4, O1, O2, O7, O8, O5, O6; title, lacking, has been provided by hand on a blank inserted leaf.</marc:subfield></marc:datafield><marc:datafield tag="590" ind1=" " ind2=" "><marc:subfield code="a">Early manuscript notes, fists and markings in brown ink; groups of manuscript notes on verso of last leaf; leaves in gathering O bear manuscript signatures A-H showing the order of text.</marc:subfield></marc:datafield><marc:datafield tag="590" ind1=" " ind2=" "><marc:subfield code="a">Bookplate of W.T. Smedley; purchased in 1924.</marc:subfield></marc:datafield><marc:datafield tag="590" ind1=" " ind2=" "><marc:subfield code="a">In a 16th cent. German calf binding, blind tooled with stamps (Judith, Lucretia, and Venus) dated 1552. Cf. Haebler, K. Rollen- und Plattenstempel des XVI. Jahrhunderts, II, p. 29; remains of 2 clasps; inscription on fore-edge &quot;Rosaîus&quot; reading from front to back cover; rebacked and repaired; in a tailored box; too fragile to microfilm.</marc:subfield></marc:datafield><marc:datafield tag="610" ind1="2" ind2="0"><marc:subfield code="a">Catholic Church</marc:subfield><marc:subfield code="v">Sermons.</marc:subfield></marc:datafield><marc:datafield tag="650" ind1=" " ind2="0"><marc:subfield code="a">Church year sermons.</marc:subfield></marc:datafield><marc:datafield tag="650" ind1=" " ind2="0"><marc:subfield code="a">Sermons, Latin.</marc:subfield></marc:datafield><marc:datafield tag="655" ind1=" " ind2="7"><marc:subfield code="a">Annotations (Provenance)</marc:subfield><marc:subfield code="2">rbprov</marc:subfield></marc:datafield><marc:datafield tag="655" ind1=" " ind2="7"><marc:subfield code="a">Calf bindings (Binding)</marc:subfield><marc:subfield code="z">Germany</marc:subfield><marc:subfield code="y">16th century.</marc:subfield><marc:subfield code="2">rbbin</marc:subfield></marc:datafield><marc:datafield tag="700" ind1="1" ind2=" "><marc:subfield code="a">Cassini, Samuele.</marc:subfield></marc:datafield><marc:datafield tag="700" ind1="1" ind2=" "><marc:subfield code="a">Smedley, William T.</marc:subfield><marc:subfield code="q">(William Thomas),</marc:subfield><marc:subfield code="d">b. 1851,</marc:subfield><marc:subfield code="e">former owner.</marc:subfield></marc:datafield><marc:datafield tag="700" ind1="1" ind2=" "><marc:subfield code="a">Arrivabene, Giorgio,</marc:subfield><marc:subfield code="d">fl. 1483-1520,</marc:subfield><marc:subfield code="e">printer.</marc:subfield></marc:datafield><marc:datafield tag="752" ind1="1" ind2="0"><marc:subfield code="d">Venice.</marc:subfield></marc:datafield><marc:datafield tag="100" ind1="0" ind2=" "><marc:subfield code="a">Bernardino,</marc:subfield><marc:subfield code="c">de' Busti,</marc:subfield><marc:subfield code="d">ca. 1450-1513?</marc:subfield></marc:datafield><marc:datafield tag="700" ind1="0" ind2=" "><marc:subfield code="a">Illuminatus,</marc:subfield><marc:subfield code="c">Novariensis.</marc:subfield></marc:datafield><marc:datafield tag="856" ind1="4" ind2="1"><marc:subfield code="u">http://luna.folger.edu/luna/servlet/s/74796w</marc:subfield><marc:subfield code="z">Binding images and description for Folger Shakespeare Library INC B1184</marc:subfield></marc:datafield><marc:datafield tag="950" ind1=" " ind2=" "><marc:subfield code="l">RARE</marc:subfield><marc:subfield code="h">06/23/94 C</marc:subfield></marc:datafield><marc:datafield tag="998" ind1=" " ind2=" "><marc:subfield code="a">11/14/94</marc:subfield><marc:subfield code="t">c</marc:subfield><marc:subfield code="s">9114</marc:subfield><marc:subfield code="n">DFo</marc:subfield><marc:subfield code="w">DCFG94B2447</marc:subfield><marc:subfield code="d">06/14/94</marc:subfield><marc:subfield code="c">ML</marc:subfield><marc:subfield code="b">MT</marc:subfield><marc:subfield code="l">DCFG</marc:subfield></marc:datafield></marc:record>