
<marc:record><marc:leader>04007cam a2200517 a 4500</marc:leader>
<marc:controlfield tag="001">95901</marc:controlfield>
<marc:controlfield tag="005">20120524144859.0</marc:controlfield><marc:controlfield tag="008">970421s1497    it e          001 0 lat d</marc:controlfield><marc:datafield tag="035" ind1=" " ind2=" "><marc:subfield code="a">(CStRLIN)DCFG97-B531</marc:subfield></marc:datafield><marc:datafield tag="035" ind1=" " ind2=" "><marc:subfield code="a">95901</marc:subfield></marc:datafield><marc:datafield tag="040" ind1=" " ind2=" "><marc:subfield code="a">DFo</marc:subfield><marc:subfield code="c">DFo</marc:subfield><marc:subfield code="e">dcrb</marc:subfield></marc:datafield><marc:datafield tag="090" ind1=" " ind2=" "><marc:subfield code="b">\INC\C677</marc:subfield><marc:subfield code="f">243650</marc:subfield><marc:subfield code="i">04/21/97 C</marc:subfield></marc:datafield><marc:datafield tag="100" ind1="0" ind2=" "><marc:subfield code="a">Vitruvius Pollio.</marc:subfield></marc:datafield><marc:datafield tag="240" ind1="1" ind2="0"><marc:subfield code="a">De architectura</marc:subfield></marc:datafield><marc:datafield tag="245" ind1="1" ind2="0"><marc:subfield code="a">Hoc in uolumine haec opera continentur, Cleonidae Harmonicum introductorium /</marc:subfield><marc:subfield code="c">interprete Georgio Valla Placentino. L. Vitruuii Pollionis De architectura libri decem ;  Sexti Iulii Frontini De aquaeductibus liber unus ; Angeli Policiani opusculum, quod Panepistemon inscribitur ; Angeli Policiani in priora analytica praelectio cui titulus est Lamia.</marc:subfield></marc:datafield><marc:datafield tag="240" ind1="3" ind2=" "><marc:subfield code="a">Hoc in volumine haec opera continentur, Cleonidae Harmonicum introductorium</marc:subfield></marc:datafield><marc:datafield tag="260" ind1=" " ind2=" "><marc:subfield code="a">Impressum Venetiis :</marc:subfield><marc:subfield code="b">Per Simonem Papiensem dictum Biuilaquam,</marc:subfield><marc:subfield code="c">anno ab Incarnatione 1497, die tertio Augusti.</marc:subfield></marc:datafield><marc:datafield tag="300" ind1=" " ind2=" "><marc:subfield code="a">[188] p. :</marc:subfield><marc:subfield code="b">diagrams (woodcuts) ;</marc:subfield><marc:subfield code="c">30 cm. (fol.)</marc:subfield></marc:datafield><marc:datafield tag="500" ind1=" " ind2=" "><marc:subfield code="a">This edition is a close reprint of the edition of Vitruvius of 1496 with the tract of Cleonides prefixed and the editorial note at the end of Frontinus omitted.</marc:subfield></marc:datafield><marc:datafield tag="500" ind1=" " ind2=" "><marc:subfield code="a">Imprint from colophon at the end of Vitruvius, leaf L4r.</marc:subfield></marc:datafield><marc:datafield tag="500" ind1=" " ind2=" "><marc:subfield code="a">Error of imposition: text which should appear on leaf b3v appears on b4r, and vice versa.</marc:subfield></marc:datafield><marc:datafield tag="500" ind1=" " ind2=" "><marc:subfield code="a">Signatures: (1-4)⁸, [*]², A-I⁶, K-L⁴, 2a⁶, 2b⁴, a-b⁶ (C3 signed G3).</marc:subfield></marc:datafield><marc:datafield tag="500" ind1=" " ind2=" "><marc:subfield code="a">Woodcut capitals.</marc:subfield></marc:datafield><marc:datafield tag="500" ind1=" " ind2=" "><marc:subfield code="a">Includes register (which contains errors).</marc:subfield></marc:datafield><marc:datafield tag="500" ind1=" " ind2=" "><marc:subfield code="a">Leaf 8 in 1st gathering is blank.</marc:subfield></marc:datafield><marc:datafield tag="510" ind1="4" ind2=" "><marc:subfield code="a">Goff</marc:subfield><marc:subfield code="c">C-742</marc:subfield></marc:datafield><marc:datafield tag="510" ind1="4" ind2=" "><marc:subfield code="a">BM 15th cent.,</marc:subfield><marc:subfield code="c">V, p. 522 (IB.23973)</marc:subfield></marc:datafield><marc:datafield tag="510" ind1="4" ind2=" "><marc:subfield code="a">GW</marc:subfield><marc:subfield code="c">7123</marc:subfield></marc:datafield><marc:datafield tag="650" ind1=" " ind2="0"><marc:subfield code="a">Music, Greek and Roman</marc:subfield><marc:subfield code="v">Early works to 1800.</marc:subfield></marc:datafield><marc:datafield tag="650" ind1=" " ind2="0"><marc:subfield code="a">Architecture</marc:subfield><marc:subfield code="v">Early works to 1800.</marc:subfield></marc:datafield><marc:datafield tag="650" ind1=" " ind2="0"><marc:subfield code="a">Water-supply</marc:subfield><marc:subfield code="v">Early works to 1800.</marc:subfield></marc:datafield><marc:datafield tag="650" ind1=" " ind2="0"><marc:subfield code="a">Aqueducts</marc:subfield><marc:subfield code="z">Rome</marc:subfield><marc:subfield code="v">Early works to 1800.</marc:subfield></marc:datafield><marc:datafield tag="655" ind1=" " ind2="7"><marc:subfield code="a">Annotations (Provenance)</marc:subfield><marc:subfield code="2">rbprov</marc:subfield><marc:subfield code="5">DFo</marc:subfield></marc:datafield><marc:datafield tag="700" ind1="1" ind2=" "><marc:subfield code="a">Valla, Giorgio,</marc:subfield><marc:subfield code="d">1447-1500.</marc:subfield></marc:datafield><marc:datafield tag="700" ind1="1" ind2=" "><marc:subfield code="a">Poliziano, Angelo,</marc:subfield><marc:subfield code="d">1454-1494.</marc:subfield></marc:datafield><marc:datafield tag="700" ind1="1" ind2="2"><marc:subfield code="a">Frontinus, Sextus Julius.</marc:subfield><marc:subfield code="t">De aquis urbis Romae.</marc:subfield></marc:datafield><marc:datafield tag="700" ind1="1" ind2=" "><marc:subfield code="a">Bevilaqua, Simon,</marc:subfield><marc:subfield code="d">fl. 1485-1518,</marc:subfield><marc:subfield code="e">printer.</marc:subfield></marc:datafield><marc:datafield tag="700" ind1="1" ind2=" "><marc:subfield code="a">Donaldson, Thomas Leverton,</marc:subfield><marc:subfield code="d">1795-1885,</marc:subfield><marc:subfield code="e">former owner.</marc:subfield><marc:subfield code="5">DFo</marc:subfield></marc:datafield><marc:datafield tag="700" ind1="1" ind2=" "><marc:subfield code="a">Redgrave, G. R.</marc:subfield><marc:subfield code="q">(Gilbert Richard),</marc:subfield><marc:subfield code="d">b. 1844,</marc:subfield><marc:subfield code="e">former owner.</marc:subfield><marc:subfield code="5">DFo</marc:subfield></marc:datafield><marc:datafield tag="700" ind1="1" ind2=" "><marc:subfield code="a">Lockwood, Dean Putnam,</marc:subfield><marc:subfield code="d">1883- ,</marc:subfield><marc:subfield code="e">former owner.</marc:subfield><marc:subfield code="5">DFo</marc:subfield></marc:datafield><marc:datafield tag="752" ind1=" " ind2=" "><marc:subfield code="a">Italy</marc:subfield><marc:subfield code="d">Venice.</marc:subfield></marc:datafield><marc:datafield tag="700" ind1="0" ind2="2"><marc:subfield code="a">Cleonides.</marc:subfield><marc:subfield code="t">Introductio harmonica.</marc:subfield></marc:datafield><marc:datafield tag="852" ind1="8" ind2=" "><marc:subfield code="b">DeckC-Rare</marc:subfield><marc:subfield code="h">INC C677 copy 1</marc:subfield><marc:subfield code="j">F2.6.43</marc:subfield><marc:subfield code="x">ML 19940523</marc:subfield><marc:subfield code="z">Imperfect: lacks the 1st gathering (title description from BM 15th cent.); edges have been trimmed, affecting the manuscript notes; gatherings a-b are bound before gatherings 2a and 2b. A few manuscript notes and markings in margins in brown ink; other marks and corrections of errors in headlines in pencil by T.L. Donaldson. Autograph &quot;Tho[ma]s L. Donaldson London May 1853 ex dono W:L:D.&quot; at end of his bibliographical notes on front free endpaper (no. 111, in the Sotheby sale catalog of his library, August 1886); another inscription on same leaf &quot;I purchased this work at the sale of Profr. Donaldson's Library ... [signed] Gilbert R: Redgrave, Muswell Hill&quot;, and his bookplate (not located in the Sotheby sale catalog of his library, May 1926); acquired in 1943. Rebound; gatherings a-b are bound before 2a-2b as in previous binding; late printed fragments of an English gazette used in spine of previous vellum binding; in a tailored box (endpapers, fragment of a periodical, and paper label from previous binding are kept in a portfolio in the box).</marc:subfield></marc:datafield><marc:datafield tag="852" ind1="8" ind2=" "><marc:subfield code="b">DeckC-Rare</marc:subfield><marc:subfield code="h">INC C677 copy 2</marc:subfield><marc:subfield code="x">ML</marc:subfield><marc:subfield code="z">Very imperfect: first gathering (signed 1-4), and gathering a only. Early manuscript notes in Latin and Greek, with punctuation and a few corrections added by hand in 1st gathering. Edges stained red. From the Lockwood collection; acquired in 1994.</marc:subfield></marc:datafield><marc:datafield tag="998" ind1=" " ind2=" "><marc:subfield code="a">04/21/97</marc:subfield><marc:subfield code="t">c</marc:subfield><marc:subfield code="s">9114</marc:subfield><marc:subfield code="l">DCFG</marc:subfield><marc:subfield code="n">DFo</marc:subfield><marc:subfield code="d">04/21/97</marc:subfield><marc:subfield code="c">ML</marc:subfield><marc:subfield code="b">ML</marc:subfield></marc:datafield><marc:datafield tag="950" ind1=" " ind2=" "><marc:subfield code="l">RARE</marc:subfield><marc:subfield code="e">\copy 2\</marc:subfield><marc:subfield code="i">04/21/97 C</marc:subfield></marc:datafield></marc:record>