
<marc:record><marc:leader>02781cam a2200481 a 4500</marc:leader>
<marc:controlfield tag="001">89995</marc:controlfield>
<marc:controlfield tag="005">20110119170016.0</marc:controlfield><marc:controlfield tag="008">940914s1499    it            000 0 lat d</marc:controlfield><marc:datafield tag="035" ind1=" " ind2=" "><marc:subfield code="9">DCFG94-B2992</marc:subfield></marc:datafield><marc:datafield tag="040" ind1=" " ind2=" "><marc:subfield code="a">DFo</marc:subfield><marc:subfield code="c">DFo</marc:subfield><marc:subfield code="e">dcrb</marc:subfield><marc:subfield code="d">UtOrBLW</marc:subfield></marc:datafield><marc:datafield tag="090" ind1=" " ind2=" "><marc:subfield code="b">INC D164</marc:subfield><marc:subfield code="t">6̃51</marc:subfield><marc:subfield code="t">7̃00-1</marc:subfield><marc:subfield code="t">7̃40</marc:subfield><marc:subfield code="t">7̃96-2</marc:subfield><marc:subfield code="t">7̃96-3</marc:subfield><marc:subfield code="i">10/11/94 N</marc:subfield><marc:subfield code="h">09/23/94 C</marc:subfield></marc:datafield><marc:datafield tag="240" ind1="1" ind2="0"><marc:subfield code="a">De Troia non capta.</marc:subfield><marc:subfield code="l">Latin</marc:subfield></marc:datafield><marc:datafield tag="245" ind1="1" ind2="0"><marc:subfield code="a">Dion Chrysostomus Prusensis philosophus ad Ilienses, Ilii captiuitatem non fuisse aperte demonstrat /</marc:subfield><marc:subfield code="c">Franciscus Filelfus e Graeco traduxit. Petronius Arbiter Satyricus.</marc:subfield></marc:datafield><marc:datafield tag="246" ind1="3" ind2="3"><marc:subfield code="a">Ad Ilienses Ilii captiuitatem non fuisse</marc:subfield></marc:datafield><marc:datafield tag="246" ind1="3" ind2="3"><marc:subfield code="a">Oratio ad Ilienses</marc:subfield></marc:datafield><marc:datafield tag="246" ind1="3" ind2="3"><marc:subfield code="a">Satyricus</marc:subfield></marc:datafield><marc:datafield tag="260" ind1=" " ind2=" "><marc:subfield code="a">Impressum Venetiis :</marc:subfield><marc:subfield code="b">Per Bernardinum Venetum de Vitalibus,</marc:subfield><marc:subfield code="c">anno Domini 1499, die xxiii. mensis Iulii.</marc:subfield></marc:datafield><marc:datafield tag="300" ind1=" " ind2=" "><marc:subfield code="a">[92] p. ;</marc:subfield><marc:subfield code="c">22 cm. (4to)</marc:subfield></marc:datafield><marc:datafield tag="500" ind1=" " ind2=" "><marc:subfield code="a">Imprint from 2nd colophon (leaf e3v); colophon at end of Dio Chrysostom's work is dated 18 July 1499.</marc:subfield></marc:datafield><marc:datafield tag="500" ind1=" " ind2=" "><marc:subfield code="a">Signatures: A-E⁴, F⁶; a-e⁴.</marc:subfield></marc:datafield><marc:datafield tag="500" ind1=" " ind2=" "><marc:subfield code="a">Woodcut initials.</marc:subfield></marc:datafield><marc:datafield tag="500" ind1=" " ind2=" "><marc:subfield code="a">Leaves F6 and e4 are blank.</marc:subfield></marc:datafield><marc:datafield tag="510" ind1="4" ind2=" "><marc:subfield code="a">Goff</marc:subfield><marc:subfield code="c">D-208.</marc:subfield></marc:datafield><marc:datafield tag="510" ind1="4" ind2=" "><marc:subfield code="a">BM 15th cent.,</marc:subfield><marc:subfield code="c">V, p. 549 (IA.24346).</marc:subfield></marc:datafield><marc:datafield tag="510" ind1="4" ind2=" "><marc:subfield code="a">GW</marc:subfield><marc:subfield code="c">8372.</marc:subfield></marc:datafield><marc:datafield tag="590" ind1=" " ind2=" "><marc:subfield code="a">Folger copy: leaves F6 and e4, blank, lacking; fore-edge dampstained, affecting manuscript notes.</marc:subfield></marc:datafield><marc:datafield tag="590" ind1=" " ind2=" "><marc:subfield code="a">Manuscript notes in Latin and Greek in brown ink, with underlining, brackets, and a few fists.</marc:subfield></marc:datafield><marc:datafield tag="590" ind1=" " ind2=" "><marc:subfield code="a">Defaced ownership inscription on t.p. &quot;Inscript. Catal. Coll. Vien. Soc. Iesu&quot; (with number &quot;867&quot; added below in same hand?); duplicate bookstamp &quot;Biblioth. Palat. Vindobon.&quot; on t.p.; signature and notes of H.C. Hoskier on front flyleaf with his provenance &quot;of J. Rosenthal Munich n(?). 75&quot; and date &quot;Oct. 1902&quot; (no. 177 in the Sotheby sale catalog of his library, June 1908); bookplate of W.T. Smedley; booklabel with shelfmark &quot;Incunab. VIII.G.8&quot;, crossed out, bearing later pencilled notes and numbers; purchased in 1924.</marc:subfield></marc:datafield><marc:datafield tag="590" ind1=" " ind2=" "><marc:subfield code="a">Vellum binding, gold tooled (Fr. Hollnsteiner); fore-edge mold stained, repaired several times.</marc:subfield></marc:datafield><marc:datafield tag="651" ind1=" " ind2="0"><marc:subfield code="a">Troy (Extinct city)</marc:subfield></marc:datafield><marc:datafield tag="655" ind1=" " ind2="7"><marc:subfield code="a">Annotations (Provenance)</marc:subfield><marc:subfield code="2">rbprov</marc:subfield></marc:datafield><marc:datafield tag="700" ind1="1" ind2=" "><marc:subfield code="a">Filelfo, Francesco,</marc:subfield><marc:subfield code="d">1398-1481.</marc:subfield></marc:datafield><marc:datafield tag="700" ind1="0" ind2="2"><marc:subfield code="a">Petronius Arbiter.</marc:subfield><marc:subfield code="t">Satyricon.</marc:subfield><marc:subfield code="f">1499.</marc:subfield></marc:datafield><marc:datafield tag="710" ind1="2" ind2=" "><marc:subfield code="a">Österreichische Nationalbibliothek,</marc:subfield><marc:subfield code="e">former owner.</marc:subfield></marc:datafield><marc:datafield tag="710" ind1="2" ind2=" "><marc:subfield code="a">Jesuit College (Vienna, Austria),</marc:subfield><marc:subfield code="e">former owner.</marc:subfield></marc:datafield><marc:datafield tag="700" ind1="1" ind2=" "><marc:subfield code="a">Hoskier, H. C.</marc:subfield><marc:subfield code="q">(Herman Charles),</marc:subfield><marc:subfield code="d">1864-1938,</marc:subfield><marc:subfield code="e">former owner.</marc:subfield></marc:datafield><marc:datafield tag="700" ind1="1" ind2=" "><marc:subfield code="a">Smedley, William T.</marc:subfield><marc:subfield code="q">(William Thomas),</marc:subfield><marc:subfield code="d">b. 1851,</marc:subfield><marc:subfield code="e">former owner.</marc:subfield></marc:datafield><marc:datafield tag="700" ind1="1" ind2=" "><marc:subfield code="a">Hollnsteiner, Fr.,</marc:subfield><marc:subfield code="e">binder.</marc:subfield></marc:datafield><marc:datafield tag="700" ind1="1" ind2=" "><marc:subfield code="a">Vitali, Bernardino dei,</marc:subfield><marc:subfield code="d">fl. 1494-1539,</marc:subfield><marc:subfield code="e">printer.</marc:subfield></marc:datafield><marc:datafield tag="752" ind1="1" ind2="0"><marc:subfield code="d">Venice.</marc:subfield></marc:datafield><marc:datafield tag="100" ind1="0" ind2=" "><marc:subfield code="a">Dio,</marc:subfield><marc:subfield code="c">Chrysostom.</marc:subfield></marc:datafield><marc:datafield tag="950" ind1=" " ind2=" "><marc:subfield code="l">RARE</marc:subfield><marc:subfield code="h">09/23/94 C</marc:subfield></marc:datafield><marc:datafield tag="998" ind1=" " ind2=" "><marc:subfield code="a">10/11/94</marc:subfield><marc:subfield code="t">c</marc:subfield><marc:subfield code="s">9114</marc:subfield><marc:subfield code="n">DFo</marc:subfield><marc:subfield code="w">DCFG94B2992</marc:subfield><marc:subfield code="d">09/14/94</marc:subfield><marc:subfield code="c">ML</marc:subfield><marc:subfield code="b">ML</marc:subfield><marc:subfield code="l">DCFG</marc:subfield></marc:datafield></marc:record>