
<marc:record><marc:leader>02930cam a2200433 a 4500</marc:leader>
<marc:controlfield tag="001">90453</marc:controlfield>
<marc:controlfield tag="005">20120822123247.0</marc:controlfield><marc:controlfield tag="008">951019s1499    it            000 0 lat d</marc:controlfield><marc:datafield tag="035" ind1=" " ind2=" "><marc:subfield code="9">DCFG95-B2269</marc:subfield></marc:datafield><marc:datafield tag="040" ind1=" " ind2=" "><marc:subfield code="a">DFo</marc:subfield><marc:subfield code="c">DFo</marc:subfield><marc:subfield code="e">dcrb</marc:subfield><marc:subfield code="d">UtOrBLW</marc:subfield></marc:datafield><marc:datafield tag="090" ind1=" " ind2=" "><marc:subfield code="b">INC P714</marc:subfield><marc:subfield code="t">7̃55</marc:subfield><marc:subfield code="i">10/27/95 C</marc:subfield></marc:datafield><marc:datafield tag="100" ind1="1" ind2=" "><marc:subfield code="a">Plautus, Titus Maccius.</marc:subfield></marc:datafield><marc:datafield tag="240" ind1="1" ind2="0"><marc:subfield code="a">Works.</marc:subfield><marc:subfield code="f">1499</marc:subfield></marc:datafield><marc:datafield tag="245" ind1="1" ind2="0"><marc:subfield code="a">Plautinae Viginti comediae emendatissimae :</marc:subfield><marc:subfield code="b">cum accuratissima ac luculentissima interpraetatione doctissimorum uirorum Petri Vallae Placentini ac &amp; Bernardi Saraceni Veneti.</marc:subfield></marc:datafield><marc:datafield tag="260" ind1=" " ind2=" "><marc:subfield code="a">Impressum Venetiis :</marc:subfield><marc:subfield code="b">Per Simonem Papiensem dictum Biuilaqua ...,</marc:subfield><marc:subfield code="c">anno huma[n]itatis [Christ]i 1499, XV Klendas Octobres [17 Sept.] ...</marc:subfield></marc:datafield><marc:datafield tag="300" ind1=" " ind2=" "><marc:subfield code="a">[696] p. ;</marc:subfield><marc:subfield code="c">33 cm. (fol.)</marc:subfield></marc:datafield><marc:datafield tag="500" ind1=" " ind2=" "><marc:subfield code="a">In 2 pts., with separate signatures, special colophons and registers.</marc:subfield></marc:datafield><marc:datafield tag="500" ind1=" " ind2=" "><marc:subfield code="a">Imprint from 2nd colophon (leaf F3r).</marc:subfield></marc:datafield><marc:datafield tag="500" ind1=" " ind2=" "><marc:subfield code="a">Signatures: A¹⁰, b-i⁸, k-m⁶; 2a⁶, a-z⁸, &amp;⁸, [con]⁸, [rum]⁸, A-D⁸, E⁶, F⁴ (t2, t3, t4 respectively signed r2, r3, r4 in pt. 2).</marc:subfield></marc:datafield><marc:datafield tag="500" ind1=" " ind2=" "><marc:subfield code="a">Errata: leaves F3v-F4r.</marc:subfield></marc:datafield><marc:datafield tag="500" ind1=" " ind2=" "><marc:subfield code="a">Includes register.</marc:subfield></marc:datafield><marc:datafield tag="500" ind1=" " ind2=" "><marc:subfield code="a">Capital spaces with guide letters.</marc:subfield></marc:datafield><marc:datafield tag="510" ind1="4" ind2=" "><marc:subfield code="a">Goff</marc:subfield><marc:subfield code="c">P-784.</marc:subfield></marc:datafield><marc:datafield tag="510" ind1="4" ind2=" "><marc:subfield code="a">BM 15th cent.,</marc:subfield><marc:subfield code="c">V, p. 523 (IB.23992).</marc:subfield></marc:datafield><marc:datafield tag="510" ind1="4" ind2=" "><marc:subfield code="a">Hain-Copinger</marc:subfield><marc:subfield code="c">13082*.</marc:subfield></marc:datafield><marc:datafield tag="590" ind1=" " ind2=" "><marc:subfield code="a">Folger copy: a few corrections in text in brown ink and markings; early inscription on back pastedown with title &quot;mutua[nj?] cujda[m] sartori [...?] sup[er] libro hoc&quot;, reading &quot;julius filius m[agist]ri iac[ob]i a Pallazola. Nepos m[agist]ri sebastiani sartoris co[n]fessus fuit habuisse d. sollides quadragintaq[ui]nq[ue] ...&quot;; ownership inscription on t.p. &quot;Gioseffo Fantaguzzi da Cesena i644&quot;; booklabel &quot;Bibliothecae Romagnoli Caesenae Via S. Zenonis&quot;; shelfmark &quot;A/VI/13&quot; handwritten on front pastedown, and blue and white booklabel bearing handwritten sign or number (undeciphered) on same pastedown.</marc:subfield></marc:datafield><marc:datafield tag="590" ind1=" " ind2=" "><marc:subfield code="a">Contemporary Italian sheepskin binding, blind tooled with borders made of floral stamps; in central panel diamond-shaped motifs made of juxtaposition of small flower stamp; central diamond inlaid with embossed goatskin; remains of 4 clasps catching on back cover; manuscript fragments used as endpaper reinforcement.</marc:subfield></marc:datafield><marc:datafield tag="655" ind1=" " ind2="7"><marc:subfield code="a">Annotations (Provenance)</marc:subfield><marc:subfield code="2">rbprov</marc:subfield></marc:datafield><marc:datafield tag="655" ind1=" " ind2="7"><marc:subfield code="a">Sheepskin bindings (Binding)</marc:subfield><marc:subfield code="z">Italy</marc:subfield><marc:subfield code="y">15th century.</marc:subfield><marc:subfield code="2">rbbin</marc:subfield></marc:datafield><marc:datafield tag="655" ind1=" " ind2="7"><marc:subfield code="a">Manuscript waste (Binding)</marc:subfield><marc:subfield code="2">rbbin</marc:subfield></marc:datafield><marc:datafield tag="700" ind1="1" ind2=" "><marc:subfield code="a">Saracenus, Bernardus,</marc:subfield><marc:subfield code="d">fl. 1500.</marc:subfield></marc:datafield><marc:datafield tag="700" ind1="1" ind2=" "><marc:subfield code="a">Valla, Giovanni Pietro,</marc:subfield><marc:subfield code="d">fl. 1500.</marc:subfield></marc:datafield><marc:datafield tag="700" ind1="1" ind2=" "><marc:subfield code="a">Fantaguzzi, Gioseffo,</marc:subfield><marc:subfield code="d">fl. 1644,</marc:subfield><marc:subfield code="e">former owner.</marc:subfield></marc:datafield><marc:datafield tag="710" ind1="2" ind2=" "><marc:subfield code="a">Bibliotheca Romagnoli Caesenae,</marc:subfield><marc:subfield code="e">former owner.</marc:subfield></marc:datafield><marc:datafield tag="700" ind1="1" ind2=" "><marc:subfield code="a">Bevilaqua, Simon,</marc:subfield><marc:subfield code="d">fl. 1485-1518,</marc:subfield><marc:subfield code="e">printer.</marc:subfield></marc:datafield><marc:datafield tag="752" ind1="1" ind2="0"><marc:subfield code="d">Venice.</marc:subfield></marc:datafield><marc:datafield tag="856" ind1="4" ind2="1"><marc:subfield code="u">http://luna.folger.edu/luna/servlet/s/3k16s0</marc:subfield><marc:subfield code="z">Binding images and description for Folger Shakespeare Library INC P714</marc:subfield></marc:datafield><marc:datafield tag="950" ind1=" " ind2=" "><marc:subfield code="l">RARE</marc:subfield><marc:subfield code="i">10/27/95 C</marc:subfield></marc:datafield><marc:datafield tag="998" ind1=" " ind2=" "><marc:subfield code="a">10/27/95</marc:subfield><marc:subfield code="t">c</marc:subfield><marc:subfield code="s">9114</marc:subfield><marc:subfield code="n">DFo</marc:subfield><marc:subfield code="w">DCFG95B2269</marc:subfield><marc:subfield code="d">10/19/95</marc:subfield><marc:subfield code="c">ML</marc:subfield><marc:subfield code="b">MT</marc:subfield><marc:subfield code="l">DCFG</marc:subfield></marc:datafield></marc:record>