
<marc:record><marc:leader>03207cam a2200493 a 4500</marc:leader>
<marc:controlfield tag="001">90714</marc:controlfield>
<marc:controlfield tag="005">20120822140049.0</marc:controlfield><marc:controlfield tag="008">960325s1485    it            000 0 lat d</marc:controlfield><marc:datafield tag="035" ind1=" " ind2=" "><marc:subfield code="9">DCFG96-B413</marc:subfield></marc:datafield><marc:datafield tag="040" ind1=" " ind2=" "><marc:subfield code="a">DFo</marc:subfield><marc:subfield code="c">DFo</marc:subfield><marc:subfield code="e">dcrb</marc:subfield><marc:subfield code="d">UtOrBLW</marc:subfield></marc:datafield><marc:datafield tag="090" ind1=" " ind2=" "><marc:subfield code="b">INC V33</marc:subfield><marc:subfield code="i">04/23/96 C</marc:subfield></marc:datafield><marc:datafield tag="100" ind1="0" ind2=" "><marc:subfield code="a">Valerius Maximus.</marc:subfield></marc:datafield><marc:datafield tag="240" ind1="1" ind2="0"><marc:subfield code="a">Factorum et dictorum memorabilium libri IX</marc:subfield></marc:datafield><marc:datafield tag="245" ind1="1" ind2="0"><marc:subfield code="a">Valerii Maximi Factorum ac dictorum memorabilium liber ad Tyberium Caesarem ...</marc:subfield></marc:datafield><marc:datafield tag="260" ind1=" " ind2=" "><marc:subfield code="a">Impressum Venetiis :</marc:subfield><marc:subfield code="b">[Giovanni and Gregorio de' Gregori?,</marc:subfield><marc:subfield code="c">not after 1485]</marc:subfield></marc:datafield><marc:datafield tag="300" ind1=" " ind2=" "><marc:subfield code="a">[412] p. ;</marc:subfield><marc:subfield code="c">31 cm. (fol.)</marc:subfield></marc:datafield><marc:datafield tag="500" ind1=" " ind2=" "><marc:subfield code="a">Title from incipit (leaf a1r).</marc:subfield></marc:datafield><marc:datafield tag="500" ind1=" " ind2=" "><marc:subfield code="a">Commentary by Ognibene Bonisoli.</marc:subfield></marc:datafield><marc:datafield tag="500" ind1=" " ind2=" "><marc:subfield code="a">Place of publication from colophon (leaf [rum]6r); ascription of printing is dubious. Cf. BM 15th cent.; copy in Leipzig University Library was bought in 1485.</marc:subfield></marc:datafield><marc:datafield tag="500" ind1=" " ind2=" "><marc:subfield code="a">Signatures: [ ]², a-b⁸, c⁶, d-z⁸, &amp;⁸, [con]⁸, [rum]⁶.</marc:subfield></marc:datafield><marc:datafield tag="500" ind1=" " ind2=" "><marc:subfield code="a">Capital spaces with guide letters.</marc:subfield></marc:datafield><marc:datafield tag="500" ind1=" " ind2=" "><marc:subfield code="a">Text surrounded by commentary.</marc:subfield></marc:datafield><marc:datafield tag="500" ind1=" " ind2=" "><marc:subfield code="a">Includes register.</marc:subfield></marc:datafield><marc:datafield tag="510" ind1="4" ind2=" "><marc:subfield code="a">Goff</marc:subfield><marc:subfield code="c">V-35.</marc:subfield></marc:datafield><marc:datafield tag="510" ind1="4" ind2=" "><marc:subfield code="a">BM 15th cent.,</marc:subfield><marc:subfield code="c">V, p. 352 (IB.20945).</marc:subfield></marc:datafield><marc:datafield tag="510" ind1="4" ind2=" "><marc:subfield code="a">Hain</marc:subfield><marc:subfield code="c">15785*.</marc:subfield></marc:datafield><marc:datafield tag="590" ind1=" " ind2=" "><marc:subfield code="a">Folger copy: early manuscript notes and numerous &quot;Nota&quot; markings, trefoil signs, brackets, and fists; book and chapter numbers repeated by hand in margins; errors in printed headlines corrected by hand; manuscript additions of chapters omitted in sixth book in table of contents.</marc:subfield></marc:datafield><marc:datafield tag="590" ind1=" " ind2=" "><marc:subfield code="a">Early autograph on verso of last leaf &quot;Edow[ar]d[us] Athtle[?]&quot;; seventeenth century autograph on recto of first leaf &quot;Sr. Thomas Tempest Baronet&quot;; &quot;No. 141&quot; handwritten in brown ink  on same leaf, corrected to &quot;No. 87&quot;; bookplate of W.T. Smedley; purchased in 1924.</marc:subfield></marc:datafield><marc:datafield tag="590" ind1=" " ind2=" "><marc:subfield code="a">Contemporary blind tooled binding, with circular stamps with symbols of the four Evangelists in lozenges of central panels (stamps with symbols of John and Matthew are smaller); remains of 2 clasps catching on back cover; evidence of a chain at head of front cover; spine bears later gold tooled decoration and a paper label with pencilled shelfmark &quot;M6&quot;; fore-edge inscription &quot;Valeri[us]&quot; reading from top to bottom; another inscription of author name and title on lower edge, reading from fore-edge to spine.</marc:subfield></marc:datafield><marc:datafield tag="651" ind1=" " ind2="0"><marc:subfield code="a">Rome</marc:subfield><marc:subfield code="x">History.</marc:subfield></marc:datafield><marc:datafield tag="655" ind1=" " ind2="7"><marc:subfield code="a">Calf bindings (Binding)</marc:subfield><marc:subfield code="z">England</marc:subfield><marc:subfield code="y">15th century.</marc:subfield><marc:subfield code="2">rbbin</marc:subfield></marc:datafield><marc:datafield tag="655" ind1=" " ind2="7"><marc:subfield code="a">Clasps (Binding)</marc:subfield><marc:subfield code="z">England</marc:subfield><marc:subfield code="y">15th century.</marc:subfield><marc:subfield code="2">rbbin</marc:subfield></marc:datafield><marc:datafield tag="700" ind1="1" ind2=" "><marc:subfield code="a">Bonisoli, Ognibene,</marc:subfield><marc:subfield code="d">ca. 1412-1474.</marc:subfield></marc:datafield><marc:datafield tag="740" ind1="0" ind2=" "><marc:subfield code="a">Facta et dicta memorabilia.</marc:subfield></marc:datafield><marc:datafield tag="740" ind1="0" ind2=" "><marc:subfield code="a">Valerii Maximi Factorvm ac dictorvm memorabilivm liber ad Tyberivm Caesarem ...</marc:subfield></marc:datafield><marc:datafield tag="700" ind1="1" ind2=" "><marc:subfield code="a">Athtle, Edowardus,</marc:subfield><marc:subfield code="e">former owner.</marc:subfield></marc:datafield><marc:datafield tag="700" ind1="1" ind2=" "><marc:subfield code="a">Tempest, Thomas,</marc:subfield><marc:subfield code="c">Sir,</marc:subfield><marc:subfield code="e">former owner.</marc:subfield></marc:datafield><marc:datafield tag="700" ind1="1" ind2=" "><marc:subfield code="a">Smedley, William T.</marc:subfield><marc:subfield code="q">(William Thomas),</marc:subfield><marc:subfield code="d">b. 1851,</marc:subfield><marc:subfield code="e">former owner.</marc:subfield></marc:datafield><marc:datafield tag="700" ind1="1" ind2=" "><marc:subfield code="a">Gregori, Giovanni de',</marc:subfield><marc:subfield code="d">15th cent,</marc:subfield><marc:subfield code="e">printer.</marc:subfield></marc:datafield><marc:datafield tag="700" ind1="1" ind2=" "><marc:subfield code="a">Gregori, Gregorio de',</marc:subfield><marc:subfield code="d">fl. 1480-1528,</marc:subfield><marc:subfield code="e">printer.</marc:subfield></marc:datafield><marc:datafield tag="752" ind1="1" ind2="0"><marc:subfield code="d">Venice.</marc:subfield></marc:datafield><marc:datafield tag="856" ind1="4" ind2="1"><marc:subfield code="u">http://luna.folger.edu/luna/servlet/s/v1m0gw</marc:subfield><marc:subfield code="z">Binding images and description for Folger Shakespeare Library INC V33 copy 2</marc:subfield></marc:datafield><marc:datafield tag="950" ind1=" " ind2=" "><marc:subfield code="l">RARE</marc:subfield><marc:subfield code="e">copy 2</marc:subfield><marc:subfield code="i">04/23/96 C</marc:subfield></marc:datafield><marc:datafield tag="998" ind1=" " ind2=" "><marc:subfield code="a">04/23/96</marc:subfield><marc:subfield code="t">c</marc:subfield><marc:subfield code="s">9114</marc:subfield><marc:subfield code="n">DFo</marc:subfield><marc:subfield code="w">DCFG96B413</marc:subfield><marc:subfield code="d">03/25/96</marc:subfield><marc:subfield code="c">ML</marc:subfield><marc:subfield code="b">ML</marc:subfield><marc:subfield code="l">DCFG</marc:subfield></marc:datafield></marc:record>