
<marc:record><marc:leader>03020cam a2200493 a 4500</marc:leader>
<marc:controlfield tag="001">89915</marc:controlfield>
<marc:controlfield tag="005">20120822095829.0</marc:controlfield><marc:controlfield tag="008">940628s1490    it            000 0 lat d</marc:controlfield><marc:datafield tag="035" ind1=" " ind2=" "><marc:subfield code="9">DCFG94-B2566</marc:subfield></marc:datafield><marc:datafield tag="040" ind1=" " ind2=" "><marc:subfield code="a">DFo</marc:subfield><marc:subfield code="c">DFo</marc:subfield><marc:subfield code="e">dcrb</marc:subfield><marc:subfield code="d">UtOrBLW</marc:subfield></marc:datafield><marc:datafield tag="090" ind1=" " ind2=" "><marc:subfield code="b">INC C148</marc:subfield><marc:subfield code="f">cs1006</marc:subfield><marc:subfield code="t">6̃50</marc:subfield><marc:subfield code="t">7̃55</marc:subfield><marc:subfield code="i">03/09/95 X</marc:subfield><marc:subfield code="h">06/28/94 C</marc:subfield></marc:datafield><marc:datafield tag="100" ind1="1" ind2=" "><marc:subfield code="a">Caracciolo, Roberto,</marc:subfield><marc:subfield code="d">1425-1495.</marc:subfield></marc:datafield><marc:datafield tag="240" ind1="1" ind2="0"><marc:subfield code="a">Sermones quadragesimales de peccatis etc.</marc:subfield></marc:datafield><marc:datafield tag="245" ind1="1" ind2="0"><marc:subfield code="a">Sermones Fratris Roberti d[e] peccatis.</marc:subfield></marc:datafield><marc:datafield tag="260" ind1=" " ind2=" "><marc:subfield code="a">Impressum Venetijs :</marc:subfield><marc:subfield code="b">Per Ioa[n]nem de Forliuio [et] Gregorium fratres,</marc:subfield><marc:subfield code="c">anno D[omi]ni 1490, die 11 mensis Maij.</marc:subfield></marc:datafield><marc:datafield tag="300" ind1=" " ind2=" "><marc:subfield code="a">153, [5] leaves ;</marc:subfield><marc:subfield code="c">22 cm. (4to)</marc:subfield></marc:datafield><marc:datafield tag="500" ind1=" " ind2=" "><marc:subfield code="a">Leaves a1 and a2 read as variant described in Hain and GW.</marc:subfield></marc:datafield><marc:datafield tag="500" ind1=" " ind2=" "><marc:subfield code="a">Imprint from colophon (leaf u1v).</marc:subfield></marc:datafield><marc:datafield tag="500" ind1=" " ind2=" "><marc:subfield code="a">Signatures: a-t⁸, u⁶ (b3 signed b2).</marc:subfield></marc:datafield><marc:datafield tag="500" ind1=" " ind2=" "><marc:subfield code="a">Capital spaces with guide letters.</marc:subfield></marc:datafield><marc:datafield tag="500" ind1=" " ind2=" "><marc:subfield code="a">Printed in 2 columns.</marc:subfield></marc:datafield><marc:datafield tag="500" ind1=" " ind2=" "><marc:subfield code="a">Incipit printed in red on leaf a2r.</marc:subfield></marc:datafield><marc:datafield tag="500" ind1=" " ind2=" "><marc:subfield code="a">Includes register.</marc:subfield></marc:datafield><marc:datafield tag="510" ind1="4" ind2=" "><marc:subfield code="a">Goff</marc:subfield><marc:subfield code="c">C-162.</marc:subfield></marc:datafield><marc:datafield tag="510" ind1="4" ind2=" "><marc:subfield code="a">Hain-Copinger,</marc:subfield><marc:subfield code="c">*4441.</marc:subfield></marc:datafield><marc:datafield tag="510" ind1="4" ind2=" "><marc:subfield code="a">GW</marc:subfield><marc:subfield code="c">6083 (variant)</marc:subfield></marc:datafield><marc:datafield tag="500" ind1=" " ind2=" "><marc:subfield code="a">Includes: Sermones quadragesimales de peccatis, Sermo de Sancto Bonaventura, Sermo de Sancto Bernardino, Sermo in festo Annuntiationis Virginis Mariae &quot;Ingressus Angelus ...&quot;, Sermones de laudibus sanctorum.</marc:subfield></marc:datafield><marc:datafield tag="590" ind1=" " ind2=" "><marc:subfield code="a">Folger copy: a few brackets and manuscript finding notes in margins of text in brown ink, some underlining and a few notes in table of contents; initial added by hand in brown ink on leaf a2r, illegible.</marc:subfield></marc:datafield><marc:datafield tag="590" ind1=" " ind2=" "><marc:subfield code="a">Inscription on leaf a1v below the address of the dedicatory letter, reading &quot;Fr. paulus austrianus stude[n]s i[n] almo [con]ue[n]tu Medilani 1512:&quot;; ownership inscription on t.p. &quot;Della libraria d[e]i p[ad]ri Capuccini di Varese&quot;; bookstamp of Ercole Silva and autograph of Nathaniel Poyntz on front flyleaf.</marc:subfield></marc:datafield><marc:datafield tag="590" ind1=" " ind2=" "><marc:subfield code="a">In a contemporary Italian binding (sheepskin?) with blind tooled borders and quadrangular ropework knot stamps in central panel bordered by headstamps; the book had been rebacked and boards had been covered with paper, now removed; inscription at bottom of back cover (shelfmark?), now uncovered, illegible; evidence of 4 ties; rebacked; in a tailored box.</marc:subfield></marc:datafield><marc:datafield tag="650" ind1=" " ind2="0"><marc:subfield code="a">Sin</marc:subfield><marc:subfield code="v">Sermons.</marc:subfield></marc:datafield><marc:datafield tag="650" ind1=" " ind2="0"><marc:subfield code="a">Sermons, Latin.</marc:subfield></marc:datafield><marc:datafield tag="650" ind1=" " ind2="0"><marc:subfield code="a">Church year sermons.</marc:subfield></marc:datafield><marc:datafield tag="655" ind1=" " ind2="7"><marc:subfield code="a">Annotations (Provenance)</marc:subfield><marc:subfield code="2">rbprov</marc:subfield></marc:datafield><marc:datafield tag="655" ind1=" " ind2="7"><marc:subfield code="a">Sheepskin bindings (Binding)</marc:subfield><marc:subfield code="z">Italy</marc:subfield><marc:subfield code="y">15th century.</marc:subfield><marc:subfield code="2">rbbin</marc:subfield></marc:datafield><marc:datafield tag="710" ind1="1" ind2=" "><marc:subfield code="a">Varese (Italy).</marc:subfield><marc:subfield code="b">Capuchins,</marc:subfield><marc:subfield code="e">former owner.</marc:subfield></marc:datafield><marc:datafield tag="700" ind1="1" ind2=" "><marc:subfield code="a">Silva, Ercole,</marc:subfield><marc:subfield code="d">1756-1840,</marc:subfield><marc:subfield code="e">former owner.</marc:subfield></marc:datafield><marc:datafield tag="700" ind1="1" ind2=" "><marc:subfield code="a">Poyntz, Nathaniel Castleton Stephen,</marc:subfield><marc:subfield code="d">1846-1920,</marc:subfield><marc:subfield code="e">former owner.</marc:subfield></marc:datafield><marc:datafield tag="700" ind1="1" ind2=" "><marc:subfield code="a">Gregori, Giovanni de',</marc:subfield><marc:subfield code="d">15th cent,</marc:subfield><marc:subfield code="e">printer.</marc:subfield></marc:datafield><marc:datafield tag="700" ind1="1" ind2=" "><marc:subfield code="a">Gregori, Gregorio de',</marc:subfield><marc:subfield code="d">fl. 1480-1528,</marc:subfield><marc:subfield code="e">printer.</marc:subfield></marc:datafield><marc:datafield tag="752" ind1="1" ind2="0"><marc:subfield code="d">Venice.</marc:subfield></marc:datafield><marc:datafield tag="856" ind1="4" ind2="1"><marc:subfield code="u">http://luna.folger.edu/luna/servlet/s/dz01yv</marc:subfield><marc:subfield code="z">Binding images and description for Folger Shakespeare Library INC C148</marc:subfield></marc:datafield><marc:datafield tag="950" ind1=" " ind2=" "><marc:subfield code="l">RARE</marc:subfield><marc:subfield code="h">06/28/94 C</marc:subfield></marc:datafield><marc:datafield tag="998" ind1=" " ind2=" "><marc:subfield code="a">03/09/95</marc:subfield><marc:subfield code="t">c</marc:subfield><marc:subfield code="s">9114</marc:subfield><marc:subfield code="n">DFo</marc:subfield><marc:subfield code="w">DCFG94B2566</marc:subfield><marc:subfield code="d">06/28/94</marc:subfield><marc:subfield code="c">ML</marc:subfield><marc:subfield code="b">MT</marc:subfield><marc:subfield code="l">DCFG</marc:subfield></marc:datafield></marc:record>