
<marc:record><marc:leader>02912cam a2200481 a 4500</marc:leader>
<marc:controlfield tag="001">90010</marc:controlfield>
<marc:controlfield tag="005">20110119170016.0</marc:controlfield><marc:controlfield tag="008">940927s1493    it            000 0 lat d</marc:controlfield><marc:datafield tag="035" ind1=" " ind2=" "><marc:subfield code="9">DCFG94-B3068</marc:subfield></marc:datafield><marc:datafield tag="040" ind1=" " ind2=" "><marc:subfield code="a">DFo</marc:subfield><marc:subfield code="c">DFo</marc:subfield><marc:subfield code="e">dcrb</marc:subfield><marc:subfield code="d">UtOrBLW</marc:subfield></marc:datafield><marc:datafield tag="090" ind1=" " ind2=" "><marc:subfield code="b">INC D316</marc:subfield><marc:subfield code="f">cs237</marc:subfield><marc:subfield code="t">6̃00</marc:subfield><marc:subfield code="t">7̃40</marc:subfield><marc:subfield code="t">7̃55</marc:subfield><marc:subfield code="i">09/29/94 C</marc:subfield></marc:datafield><marc:datafield tag="100" ind1="1" ind2=" "><marc:subfield code="a">Duns Scotus, John,</marc:subfield><marc:subfield code="d">ca. 1266-1308.</marc:subfield></marc:datafield><marc:datafield tag="240" ind1="1" ind2="0"><marc:subfield code="a">Selections.</marc:subfield><marc:subfield code="f">1493</marc:subfield></marc:datafield><marc:datafield tag="245" ind1="1" ind2="0"><marc:subfield code="a">Questiones Scoti super vniuersalib[us] predicamentis ac periermenias.</marc:subfield></marc:datafield><marc:datafield tag="246" ind1="3" ind2="3"><marc:subfield code="a">Quaestiones in Universalia Porphyrii</marc:subfield></marc:datafield><marc:datafield tag="260" ind1=" " ind2=" "><marc:subfield code="a">Impressum Venetijs :</marc:subfield><marc:subfield code="b">P[er] Ioa[n]ne[m] [et] Gregorium de Gregoris fratres,</marc:subfield><marc:subfield code="c">anno D[omi]ni 1492 [i.e. 1493] mensis Ianuarij die quinta.</marc:subfield></marc:datafield><marc:datafield tag="300" ind1=" " ind2=" "><marc:subfield code="a">95, [1] leaves ;</marc:subfield><marc:subfield code="c">29 cm. (fol.)</marc:subfield></marc:datafield><marc:datafield tag="500" ind1=" " ind2=" "><marc:subfield code="a">Includes Duns Scotus's Quaestiones in Aristotelis Praedicamenta, Quaestiones in Aristotelis libros de interpretatione (liber I), Antonius Andreae's Quaestiones in Gilberti Porretani Librum sex principiorum, and John Baconthorp's Super Quaestionibus Scoti de Universalibus.</marc:subfield></marc:datafield><marc:datafield tag="500" ind1=" " ind2=" "><marc:subfield code="a">Edited by Nicolaus Judecus.</marc:subfield></marc:datafield><marc:datafield tag="500" ind1=" " ind2=" "><marc:subfield code="a">Imprint from colophon (leaf q4r).</marc:subfield></marc:datafield><marc:datafield tag="500" ind1=" " ind2=" "><marc:subfield code="a">Signatures: a-q⁶.</marc:subfield></marc:datafield><marc:datafield tag="500" ind1=" " ind2=" "><marc:subfield code="a">Printed in 2 columns.</marc:subfield></marc:datafield><marc:datafield tag="500" ind1=" " ind2=" "><marc:subfield code="a">Capital spaces, some with guide letters.</marc:subfield></marc:datafield><marc:datafield tag="500" ind1=" " ind2=" "><marc:subfield code="a">Includes register.</marc:subfield></marc:datafield><marc:datafield tag="510" ind1="4" ind2=" "><marc:subfield code="a">Goff</marc:subfield><marc:subfield code="c">D-390.</marc:subfield></marc:datafield><marc:datafield tag="510" ind1="4" ind2=" "><marc:subfield code="a">BM 15th cent.,</marc:subfield><marc:subfield code="c">V, p. 343 (IB.21026).</marc:subfield></marc:datafield><marc:datafield tag="510" ind1="4" ind2=" "><marc:subfield code="a">GW</marc:subfield><marc:subfield code="c">9090.</marc:subfield></marc:datafield><marc:datafield tag="590" ind1=" " ind2=" "><marc:subfield code="a">Folger copy: edges have been cropped, affecting manuscript notes.</marc:subfield></marc:datafield><marc:datafield tag="590" ind1=" " ind2=" "><marc:subfield code="a">A few manuscript notes with corrections in text.</marc:subfield></marc:datafield><marc:datafield tag="590" ind1=" " ind2=" "><marc:subfield code="a">Inscriptions on t.p. and in incipit (leaf a2r), defaced, partially illegible: &quot;Ad uso di fra[?] Damian Genoe[...?] e di frá [...?] suo nipoti[?]&quot;, and &quot;Ad uso di fra damian da [...?]&quot;; another inscription at head of t.p., ending &quot;[...?] barbari&quot; has been cut out in trimming of the edges.</marc:subfield></marc:datafield><marc:datafield tag="590" ind1=" " ind2=" "><marc:subfield code="a">Later printed waste fragments, printed in red and black, used in vellum cover and in pastedowns, one of them bearing title &quot;Calendariu[m] triplex Romanum, Seraphicu[m] et Genuense, ad vsum vtriusq[ue] sexus religiosorum, qui Genuae h[...?] &amp; in eius serenissimo dominio, ac dioec[...] Franciscanam professionem emittunt, [...?]&quot; (from the Franciscans of Genoa?); spine label with inscription reading &quot;Quest. Scoti in Vniversalia&quot; and another label with printed number &quot;35&quot; covering an older one, possibly bearing author's name.</marc:subfield></marc:datafield><marc:datafield tag="655" ind1=" " ind2="7"><marc:subfield code="a">Printed waste (Binding)</marc:subfield><marc:subfield code="2">rbbin</marc:subfield></marc:datafield><marc:datafield tag="700" ind1="1" ind2=" "><marc:subfield code="a">Andreae, Antonius,</marc:subfield><marc:subfield code="d">d. ca. 1320.</marc:subfield></marc:datafield><marc:datafield tag="700" ind1="1" ind2=" "><marc:subfield code="a">Baconthorpe, John,</marc:subfield><marc:subfield code="d">d. 1346.</marc:subfield></marc:datafield><marc:datafield tag="700" ind1="1" ind2=" "><marc:subfield code="a">Judecus, Nicolaus.</marc:subfield></marc:datafield><marc:datafield tag="700" ind1="1" ind2=" "><marc:subfield code="a">Gregori, Giovanni de',</marc:subfield><marc:subfield code="d">15th cent,</marc:subfield><marc:subfield code="e">printer.</marc:subfield></marc:datafield><marc:datafield tag="700" ind1="1" ind2=" "><marc:subfield code="a">Gregori, Gregorio de',</marc:subfield><marc:subfield code="d">fl. 1480-1528,</marc:subfield><marc:subfield code="e">printer.</marc:subfield></marc:datafield><marc:datafield tag="752" ind1="1" ind2="0"><marc:subfield code="d">Venice.</marc:subfield></marc:datafield><marc:datafield tag="600" ind1="0" ind2="0"><marc:subfield code="a">Aristotle.</marc:subfield></marc:datafield><marc:datafield tag="600" ind1="0" ind2="0"><marc:subfield code="a">Gilbert,</marc:subfield><marc:subfield code="c">de La Porrée, Bishop,</marc:subfield><marc:subfield code="d">ca. 1075-1154.</marc:subfield></marc:datafield><marc:datafield tag="600" ind1="0" ind2="0"><marc:subfield code="a">Porphyry,</marc:subfield><marc:subfield code="d">ca. 234-ca. 305.</marc:subfield></marc:datafield><marc:datafield tag="950" ind1=" " ind2=" "><marc:subfield code="l">RARE</marc:subfield><marc:subfield code="i">09/29/94 C</marc:subfield></marc:datafield><marc:datafield tag="998" ind1=" " ind2=" "><marc:subfield code="a">09/29/94</marc:subfield><marc:subfield code="t">c</marc:subfield><marc:subfield code="s">9114</marc:subfield><marc:subfield code="n">DFo</marc:subfield><marc:subfield code="w">DCFG94B3068</marc:subfield><marc:subfield code="d">09/27/94</marc:subfield><marc:subfield code="c">ML</marc:subfield><marc:subfield code="b">MT</marc:subfield><marc:subfield code="l">DCFG</marc:subfield></marc:datafield></marc:record>