
<marc:record><marc:leader>02381cam a2200421 a 4500</marc:leader>
<marc:controlfield tag="001">90111</marc:controlfield>
<marc:controlfield tag="005">20110119170019.0</marc:controlfield><marc:controlfield tag="008">941122s1498    it            000 0 lat d</marc:controlfield><marc:datafield tag="035" ind1=" " ind2=" "><marc:subfield code="9">DCFG94-B3540</marc:subfield></marc:datafield><marc:datafield tag="040" ind1=" " ind2=" "><marc:subfield code="a">DFo</marc:subfield><marc:subfield code="c">DFo</marc:subfield><marc:subfield code="e">dcrb</marc:subfield><marc:subfield code="d">UtOrBLW</marc:subfield></marc:datafield><marc:datafield tag="090" ind1=" " ind2=" "><marc:subfield code="b">INC G350</marc:subfield><marc:subfield code="n">:700 FOR OTHER EDITIONS, SEE MAIN ENTRY.</marc:subfield><marc:subfield code="f">cs1811</marc:subfield><marc:subfield code="t">6̃50</marc:subfield><marc:subfield code="i">11/28/94 C</marc:subfield></marc:datafield><marc:datafield tag="240" ind1="1" ind2="0"><marc:subfield code="a">Decretum</marc:subfield></marc:datafield><marc:datafield tag="245" ind1="1" ind2="0"><marc:subfield code="a">Summa Decreti :</marc:subfield><marc:subfield code="b">liber Decretoru[m] distinguitur in tres partes ...</marc:subfield></marc:datafield><marc:datafield tag="246" ind1="3" ind2="3"><marc:subfield code="a">Decretum cum apparatu Bartholomaei Brixiensis</marc:subfield></marc:datafield><marc:datafield tag="260" ind1=" " ind2=" "><marc:subfield code="a">Impressum Venetijs :</marc:subfield><marc:subfield code="b">[Andrea Torresani],</marc:subfield><marc:subfield code="c">die xxvj. Iunij 1498.</marc:subfield></marc:datafield><marc:datafield tag="300" ind1=" " ind2=" "><marc:subfield code="a">[1272] p. ;</marc:subfield><marc:subfield code="c">20 cm. (4to and 8vo)</marc:subfield></marc:datafield><marc:datafield tag="500" ind1=" " ind2=" "><marc:subfield code="a">Title from beginning of table (leaf []1r).</marc:subfield></marc:datafield><marc:datafield tag="500" ind1=" " ind2=" "><marc:subfield code="a">With the commentary of Bartolomeo da Brescia.</marc:subfield></marc:datafield><marc:datafield tag="500" ind1=" " ind2=" "><marc:subfield code="a">Place and date of publication from colophon (leaf 2N11v); publisher statement from Goff.</marc:subfield></marc:datafield><marc:datafield tag="500" ind1=" " ind2=" "><marc:subfield code="a">Signatures: []⁴, a-c⁸, d-z¹², [et]¹², [con]¹², [rum]¹², A-K¹², L-2M⁸, 2N¹² (k2, s3, v6, [rum]5, B6, 2A8 and 2F8 respectively signed k3, s4, v5, [rum]6, B5, 2A2 and 2F2; n2, v1, 2A2 and 2F2 unsigned).</marc:subfield></marc:datafield><marc:datafield tag="500" ind1=" " ind2=" "><marc:subfield code="a">Text in 2 columns, surrounded by commentary.</marc:subfield></marc:datafield><marc:datafield tag="500" ind1=" " ind2=" "><marc:subfield code="a">Printed in red and black.</marc:subfield></marc:datafield><marc:datafield tag="500" ind1=" " ind2=" "><marc:subfield code="a">Includes register.</marc:subfield></marc:datafield><marc:datafield tag="500" ind1=" " ind2=" "><marc:subfield code="a">Red printed Lombard initials and also a few capital spaces with guide letters.</marc:subfield></marc:datafield><marc:datafield tag="510" ind1="4" ind2=" "><marc:subfield code="a">Goff</marc:subfield><marc:subfield code="c">G-389.</marc:subfield></marc:datafield><marc:datafield tag="510" ind1="4" ind2=" "><marc:subfield code="a">BM 15th cent.,</marc:subfield><marc:subfield code="c">V, p. 313 (IA.21762).</marc:subfield></marc:datafield><marc:datafield tag="510" ind1="4" ind2=" "><marc:subfield code="a">GW</marc:subfield><marc:subfield code="c">11385.</marc:subfield></marc:datafield><marc:datafield tag="590" ind1=" " ind2=" "><marc:subfield code="a">Folger copy: some worming in last gatherings, slightly affecting text; edges trimmed, affecting manuscript notes, and headlines in 1st gathering; conjugate leaves G3, G10 and G4, G9 misbound reading G1, G2, G4, G3, G5, G6, G7, G8, G10, G9, G11, G12.</marc:subfield></marc:datafield><marc:datafield tag="590" ind1=" " ind2=" "><marc:subfield code="a">Manuscript commentary notes in brown ink in most pts. of the book, with underlining, brackets, a few fists and trefoil markings, and asterisk marks as signes-de-renvoi; manuscript notes mentioning misbinding on leaves G3, G4, G8-G10.</marc:subfield></marc:datafield><marc:datafield tag="590" ind1=" " ind2=" "><marc:subfield code="a">Remains of vellum tabs on 1st leaf of 2nd and 3rd pts. of the work (leaves o6 and 2G5).</marc:subfield></marc:datafield><marc:datafield tag="650" ind1=" " ind2="0"><marc:subfield code="a">Canon law.</marc:subfield></marc:datafield><marc:datafield tag="655" ind1=" " ind2="7"><marc:subfield code="a">Annotations (Provenance)</marc:subfield><marc:subfield code="2">rbprov</marc:subfield></marc:datafield><marc:datafield tag="700" ind1="1" ind2=" "><marc:subfield code="a">Torresanus, Andreas,</marc:subfield><marc:subfield code="c">de Asula,</marc:subfield><marc:subfield code="d">1451-1529,</marc:subfield><marc:subfield code="e">printer.</marc:subfield></marc:datafield><marc:datafield tag="752" ind1="1" ind2="0"><marc:subfield code="d">Venice.</marc:subfield></marc:datafield><marc:datafield tag="100" ind1="0" ind2=" "><marc:subfield code="a">Gratian,</marc:subfield><marc:subfield code="d">12th cent.</marc:subfield></marc:datafield><marc:datafield tag="700" ind1="0" ind2=" "><marc:subfield code="a">Bartolomeo,</marc:subfield><marc:subfield code="c">da Brescia,</marc:subfield><marc:subfield code="d">d. 1258.</marc:subfield></marc:datafield><marc:datafield tag="950" ind1=" " ind2=" "><marc:subfield code="l">RARE</marc:subfield><marc:subfield code="i">11/28/94 C</marc:subfield></marc:datafield><marc:datafield tag="998" ind1=" " ind2=" "><marc:subfield code="a">11/28/94</marc:subfield><marc:subfield code="t">c</marc:subfield><marc:subfield code="s">9114</marc:subfield><marc:subfield code="n">DFo</marc:subfield><marc:subfield code="w">DCFG94B3540</marc:subfield><marc:subfield code="d">11/22/94</marc:subfield><marc:subfield code="c">ML</marc:subfield><marc:subfield code="b">MT</marc:subfield><marc:subfield code="l">DCFG</marc:subfield></marc:datafield></marc:record>