
<marc:record><marc:leader>03084cam a2200457 a 4500</marc:leader>
<marc:controlfield tag="001">89390</marc:controlfield>
<marc:controlfield tag="005">20110119165950.0</marc:controlfield><marc:controlfield tag="008">931210s1493    it            000 0 lat d</marc:controlfield><marc:datafield tag="035" ind1=" " ind2=" "><marc:subfield code="9">DCFG93-B15616</marc:subfield></marc:datafield><marc:datafield tag="040" ind1=" " ind2=" "><marc:subfield code="a">DFo</marc:subfield><marc:subfield code="c">DFo</marc:subfield><marc:subfield code="e">dcrb</marc:subfield><marc:subfield code="d">UtOrBLW</marc:subfield></marc:datafield><marc:datafield tag="090" ind1=" " ind2=" "><marc:subfield code="b">INC A818.8</marc:subfield><marc:subfield code="f">cs231</marc:subfield><marc:subfield code="t">6̃50</marc:subfield><marc:subfield code="t">6̃90</marc:subfield><marc:subfield code="t">7̃96-3</marc:subfield><marc:subfield code="i">12/20/93 C</marc:subfield></marc:datafield><marc:datafield tag="240" ind1="1" ind2="0"><marc:subfield code="a">Sermones quadragesimales de XII mirabilibus Christianae fidei excellentiis</marc:subfield></marc:datafield><marc:datafield tag="245" ind1="1" ind2="0"><marc:subfield code="a">Fratris Antonij de Vercellis ordinis Minoru[m] de obseruantia, apostolici viri, ac predicatoris gratissimi, Sermones quadragesimales de xij. mirabilibus Christiane fidei excelle[n]tijs, incipiunt ...</marc:subfield></marc:datafield><marc:datafield tag="260" ind1=" " ind2=" "><marc:subfield code="a">Impressum vero Venetijs :</marc:subfield><marc:subfield code="b">Per Ioa[n]ne[m] [et] Gregoriu[m] [de] Gregoris fratres [for Alessandro Calcedonio],</marc:subfield><marc:subfield code="c">anno Domini 1492 [i.e. 1493], me[n]sis Februarij die xvi.</marc:subfield></marc:datafield><marc:datafield tag="300" ind1=" " ind2=" "><marc:subfield code="a">263, [5] leaves ;</marc:subfield><marc:subfield code="c">22 cm. (4to)</marc:subfield></marc:datafield><marc:datafield tag="500" ind1=" " ind2=" "><marc:subfield code="a">Title from incipit (leaf a2r).</marc:subfield></marc:datafield><marc:datafield tag="500" ind1=" " ind2=" "><marc:subfield code="a">Leaf a1 reads as variant in Hain *15949 and GW: recto blank, verso reading &quot;Qua semper obseruantia habiti sunt apud posteros nr̃os hi qui pro cõi oĩu[m] vtilitate de/sudarunt: ...&quot;; differences in setting of gatherings a, b and z; only leaf a1 differs in contents.</marc:subfield></marc:datafield><marc:datafield tag="500" ind1=" " ind2=" "><marc:subfield code="a">Several errors in the numbering of leaves and sermons; a few have been corrected in this variant (see corrections in numbering of sermons in gathering l), others have been kept or prompted.</marc:subfield></marc:datafield><marc:datafield tag="500" ind1=" " ind2=" "><marc:subfield code="a">Gathering z in a variant setting, includes corrections of some errors present in the other setting (Folger copy A819); text is inverted on leaves z7v and z8r.</marc:subfield></marc:datafield><marc:datafield tag="500" ind1=" " ind2=" "><marc:subfield code="a">With additions by Ludovico Brognolo.</marc:subfield></marc:datafield><marc:datafield tag="500" ind1=" " ind2=" "><marc:subfield code="a">Imprint from colophon (leaf G7v); publisher statement from dedicatory letter present in other copies.</marc:subfield></marc:datafield><marc:datafield tag="500" ind1=" " ind2=" "><marc:subfield code="a">Signatures: a-z⁸, [et]⁸, [con]⁸, [rum]⁸, A-G⁸, j⁴ (E2 and j2 unsigned).</marc:subfield></marc:datafield><marc:datafield tag="500" ind1=" " ind2=" "><marc:subfield code="a">Printed in 2 columns.</marc:subfield></marc:datafield><marc:datafield tag="500" ind1=" " ind2=" "><marc:subfield code="a">Capital spaces with guide letters.</marc:subfield></marc:datafield><marc:datafield tag="500" ind1=" " ind2=" "><marc:subfield code="a">Incipit printed in red (leaf a2r).</marc:subfield></marc:datafield><marc:datafield tag="500" ind1=" " ind2=" "><marc:subfield code="a">Includes register.</marc:subfield></marc:datafield><marc:datafield tag="510" ind1="4" ind2=" "><marc:subfield code="a">Goff</marc:subfield><marc:subfield code="c">A-918.</marc:subfield></marc:datafield><marc:datafield tag="510" ind1="4" ind2=" "><marc:subfield code="a">BM 15th cent.,</marc:subfield><marc:subfield code="c">V, p. 343 (IA.21028).</marc:subfield></marc:datafield><marc:datafield tag="510" ind1="4" ind2=" "><marc:subfield code="a">GW</marc:subfield><marc:subfield code="c">2260.</marc:subfield></marc:datafield><marc:datafield tag="590" ind1=" " ind2=" "><marc:subfield code="a">Folger copy: early manuscript notes in brown ink, reading &quot;Fr. Ios. Baptte&quot; on leaf h1r; inscription &quot;Conuentus Sti Ioseph de Bon[]a [for Bologna?] on leaf a2r; several handwritten numbers: &quot;Can : 131-60&quot; and Can. 156&quot; on pastedowns; pencilled initial &quot;E&quot; on front pastedown.</marc:subfield></marc:datafield><marc:datafield tag="590" ind1=" " ind2=" "><marc:subfield code="a">Vellum binding with evidence of 2 ties, several inscriptions on spine: &quot;Sermo[n]es F. Antonij de Vercellis&quot; and shelf marks &quot;14&quot;, &quot;O3&quot;, and a 4-digit number partially erased &quot;4016[?]&quot;; repaired.</marc:subfield></marc:datafield><marc:datafield tag="650" ind1=" " ind2="0"><marc:subfield code="a">Lenten sermons.</marc:subfield></marc:datafield><marc:datafield tag="655" ind1=" " ind2="7"><marc:subfield code="a">Annotations (Provenance)</marc:subfield><marc:subfield code="2">rbprov</marc:subfield></marc:datafield><marc:datafield tag="700" ind1="1" ind2=" "><marc:subfield code="a">Brognolo, Ludovico,</marc:subfield><marc:subfield code="d">fl. 1493.</marc:subfield></marc:datafield><marc:datafield tag="700" ind1="1" ind2=" "><marc:subfield code="a">Gregori, Gregorio de',</marc:subfield><marc:subfield code="d">fl. 1480-1528,</marc:subfield><marc:subfield code="e">printer.</marc:subfield></marc:datafield><marc:datafield tag="700" ind1="1" ind2=" "><marc:subfield code="a">Gregori, Giovanni de',</marc:subfield><marc:subfield code="d">15th cent,</marc:subfield><marc:subfield code="e">printer.</marc:subfield></marc:datafield><marc:datafield tag="700" ind1="1" ind2=" "><marc:subfield code="a">Calcedonius, Alessandro,</marc:subfield><marc:subfield code="d">fl. 1492-1514,</marc:subfield><marc:subfield code="e">printer.</marc:subfield></marc:datafield><marc:datafield tag="752" ind1="1" ind2="0"><marc:subfield code="d">Venice.</marc:subfield></marc:datafield><marc:datafield tag="100" ind1="0" ind2=" "><marc:subfield code="a">Antonius,</marc:subfield><marc:subfield code="c">de Vercellis,</marc:subfield><marc:subfield code="d">d. 1483.</marc:subfield></marc:datafield><marc:datafield tag="950" ind1=" " ind2=" "><marc:subfield code="l">RARE</marc:subfield><marc:subfield code="i">12/20/93 C</marc:subfield></marc:datafield><marc:datafield tag="998" ind1=" " ind2=" "><marc:subfield code="a">12/20/93</marc:subfield><marc:subfield code="t">c</marc:subfield><marc:subfield code="s">9114</marc:subfield><marc:subfield code="n">DFo</marc:subfield><marc:subfield code="w">DCFG93B15616</marc:subfield><marc:subfield code="d">12/10/93</marc:subfield><marc:subfield code="c">ML</marc:subfield><marc:subfield code="b">MT</marc:subfield><marc:subfield code="l">DCFG</marc:subfield></marc:datafield></marc:record>