
<marc:record><marc:leader>02962cam a2200481 a 4500</marc:leader>
<marc:controlfield tag="001">89391</marc:controlfield>
<marc:controlfield tag="005">20110119165950.0</marc:controlfield><marc:controlfield tag="008">931210s1493    it            000 0 lat d</marc:controlfield><marc:datafield tag="035" ind1=" " ind2=" "><marc:subfield code="9">DCFG93-B15619</marc:subfield></marc:datafield><marc:datafield tag="040" ind1=" " ind2=" "><marc:subfield code="a">DFo</marc:subfield><marc:subfield code="c">DFo</marc:subfield><marc:subfield code="e">dcrb</marc:subfield><marc:subfield code="d">UtOrBLW</marc:subfield></marc:datafield><marc:datafield tag="090" ind1=" " ind2=" "><marc:subfield code="b">INC A819</marc:subfield><marc:subfield code="f">cs1966</marc:subfield><marc:subfield code="t">6̃50</marc:subfield><marc:subfield code="t">7̃00</marc:subfield><marc:subfield code="t">7̃96-1</marc:subfield><marc:subfield code="t">7̃96-2</marc:subfield><marc:subfield code="t">7̃97</marc:subfield><marc:subfield code="t">7̃99</marc:subfield><marc:subfield code="t">7̃55</marc:subfield><marc:subfield code="i">12/20/93 C</marc:subfield></marc:datafield><marc:datafield tag="240" ind1="1" ind2="0"><marc:subfield code="a">Sermones quadragesimales de XII mirabilibus Christianae fidei excellentiis</marc:subfield></marc:datafield><marc:datafield tag="245" ind1="1" ind2="0"><marc:subfield code="a">Sermones quadragesimales Fratris Antonii de Vercellis de xii. mirabilibus Christiane fidei excellentiis.</marc:subfield></marc:datafield><marc:datafield tag="260" ind1=" " ind2=" "><marc:subfield code="a">Impressum vero Venetijs :</marc:subfield><marc:subfield code="b">Per Ioa[n]ne[m] [et] Gregoriu[m] [de] Gregoris fratres [for Alessandro Calcedonio],</marc:subfield><marc:subfield code="c">anno Domini 1492 [i.e. 1493], me[n]sis Februarij die xvi.</marc:subfield></marc:datafield><marc:datafield tag="300" ind1=" " ind2=" "><marc:subfield code="a">263, [5] leaves ;</marc:subfield><marc:subfield code="c">22 cm. (4to)</marc:subfield></marc:datafield><marc:datafield tag="500" ind1=" " ind2=" "><marc:subfield code="a">With additions by Ludovico Brognolo.</marc:subfield></marc:datafield><marc:datafield tag="500" ind1=" " ind2=" "><marc:subfield code="a">Imprint from colophon (leaf G7v); complementary publisher statement from dedicatory letter.</marc:subfield></marc:datafield><marc:datafield tag="500" ind1=" " ind2=" "><marc:subfield code="a">Signatures: a-z⁸, [et]⁸, [con]⁸, [rum]⁸, A-G⁸, j⁴ (E2 and j2 unsigned).</marc:subfield></marc:datafield><marc:datafield tag="500" ind1=" " ind2=" "><marc:subfield code="a">Printed in 2 columns.</marc:subfield></marc:datafield><marc:datafield tag="500" ind1=" " ind2=" "><marc:subfield code="a">Capital spaces with guide letters.</marc:subfield></marc:datafield><marc:datafield tag="500" ind1=" " ind2=" "><marc:subfield code="a">Incipit printed in red (leaf a2r).</marc:subfield></marc:datafield><marc:datafield tag="500" ind1=" " ind2=" "><marc:subfield code="a">Includes register.</marc:subfield></marc:datafield><marc:datafield tag="500" ind1=" " ind2=" "><marc:subfield code="a">Several errors in the numbering of leaves and sermons.</marc:subfield></marc:datafield><marc:datafield tag="510" ind1="4" ind2=" "><marc:subfield code="a">Goff</marc:subfield><marc:subfield code="c">A-918.</marc:subfield></marc:datafield><marc:datafield tag="510" ind1="4" ind2=" "><marc:subfield code="a">BM 15th cent.,</marc:subfield><marc:subfield code="c">V, p. 343 (IA.21028).</marc:subfield></marc:datafield><marc:datafield tag="510" ind1="4" ind2=" "><marc:subfield code="a">GW</marc:subfield><marc:subfield code="c">2260.</marc:subfield></marc:datafield><marc:datafield tag="590" ind1=" " ind2=" "><marc:subfield code="a">Folger copy: rubrication of printed paragraph marks, and capital strokes from leaf a5r through leaf l4r; also strokes on 1st line of each sermon.</marc:subfield></marc:datafield><marc:datafield tag="590" ind1=" " ind2=" "><marc:subfield code="a">A few early manuscript notes and fists in text and on front flyleaf; error in numbering of leaves has been corrected by hand on leaf 177.</marc:subfield></marc:datafield><marc:datafield tag="590" ind1=" " ind2=" "><marc:subfield code="a">Circular bookstamp &quot;Museo Cavaleri&quot; on t.p.; purchased in 1915.</marc:subfield></marc:datafield><marc:datafield tag="590" ind1=" " ind2=" "><marc:subfield code="a">Contemporary quarter sheepskin binding on wooden boards of red oak, blind tooled, with star and flower stamps and star nails; remains of 2 triangular clasps in Italian (Padua or Venice) style mounted on fore-edge of back cover, and evidence of 2 others (on head and tail); manuscript fragments used as guards; evidence of an early inscription on upper cover; several later spine labels and a shelfmark on tail of spine reading &quot;7&quot;, handwritten in black; upper spine label reads &quot;202&quot;; repaired; in a tailored box.</marc:subfield></marc:datafield><marc:datafield tag="650" ind1=" " ind2="0"><marc:subfield code="a">Lenten sermons.</marc:subfield></marc:datafield><marc:datafield tag="655" ind1=" " ind2="7"><marc:subfield code="a">Annotations (Provenance)</marc:subfield><marc:subfield code="2">rbprov</marc:subfield></marc:datafield><marc:datafield tag="655" ind1=" " ind2="7"><marc:subfield code="a">Sheepskin bindings (Binding)</marc:subfield><marc:subfield code="z">Italy</marc:subfield><marc:subfield code="y">15th century.</marc:subfield><marc:subfield code="2">rbbin</marc:subfield></marc:datafield><marc:datafield tag="655" ind1=" " ind2="7"><marc:subfield code="a">Manuscript waste (Binding)</marc:subfield><marc:subfield code="2">rbbin</marc:subfield></marc:datafield><marc:datafield tag="700" ind1="1" ind2=" "><marc:subfield code="a">Brognolo, Ludovico,</marc:subfield><marc:subfield code="d">fl. 1493.</marc:subfield></marc:datafield><marc:datafield tag="700" ind1="1" ind2=" "><marc:subfield code="a">Gregori, Gregorio de',</marc:subfield><marc:subfield code="d">fl. 1480-1528,</marc:subfield><marc:subfield code="e">printer.</marc:subfield></marc:datafield><marc:datafield tag="700" ind1="1" ind2=" "><marc:subfield code="a">Gregori, Giovanni de',</marc:subfield><marc:subfield code="d">15th cent,</marc:subfield><marc:subfield code="e">printer.</marc:subfield></marc:datafield><marc:datafield tag="700" ind1="1" ind2=" "><marc:subfield code="a">Calcedonius, Alessandro,</marc:subfield><marc:subfield code="d">fl. 1492-1514,</marc:subfield><marc:subfield code="e">printer.</marc:subfield></marc:datafield><marc:datafield tag="700" ind1="1" ind2=" "><marc:subfield code="a">Cavaleri, Michele,</marc:subfield><marc:subfield code="e">former owner.</marc:subfield></marc:datafield><marc:datafield tag="752" ind1="1" ind2="0"><marc:subfield code="d">Venice.</marc:subfield></marc:datafield><marc:datafield tag="100" ind1="0" ind2=" "><marc:subfield code="a">Antonius,</marc:subfield><marc:subfield code="c">de Vercellis,</marc:subfield><marc:subfield code="d">d. 1483.</marc:subfield></marc:datafield><marc:datafield tag="950" ind1=" " ind2=" "><marc:subfield code="l">RARE</marc:subfield><marc:subfield code="i">12/20/93 C</marc:subfield></marc:datafield><marc:datafield tag="998" ind1=" " ind2=" "><marc:subfield code="a">12/20/93</marc:subfield><marc:subfield code="t">c</marc:subfield><marc:subfield code="s">9114</marc:subfield><marc:subfield code="n">DFo</marc:subfield><marc:subfield code="w">DCFG93B15619</marc:subfield><marc:subfield code="d">12/10/93</marc:subfield><marc:subfield code="c">ML</marc:subfield><marc:subfield code="b">MT</marc:subfield><marc:subfield code="l">DCFG</marc:subfield></marc:datafield></marc:record>