
<marc:record><marc:leader>02940cam a2200517 a 4500</marc:leader>
<marc:controlfield tag="001">90562</marc:controlfield>
<marc:controlfield tag="005">20120822124633.0</marc:controlfield><marc:controlfield tag="008">951214s1480    sz            000 0 lat d</marc:controlfield><marc:datafield tag="035" ind1=" " ind2=" "><marc:subfield code="9">DCFG95-B2611</marc:subfield></marc:datafield><marc:datafield tag="040" ind1=" " ind2=" "><marc:subfield code="a">DFo</marc:subfield><marc:subfield code="c">DFo</marc:subfield><marc:subfield code="e">dcrb</marc:subfield><marc:subfield code="d">UtOrBLW</marc:subfield></marc:datafield><marc:datafield tag="090" ind1=" " ind2=" "><marc:subfield code="b">INC R152</marc:subfield><marc:subfield code="f">cs72</marc:subfield><marc:subfield code="t">6̃50</marc:subfield><marc:subfield code="t">7̃40</marc:subfield><marc:subfield code="t">7̃55</marc:subfield><marc:subfield code="i">01/04/96 C</marc:subfield></marc:datafield><marc:datafield tag="100" ind1="1" ind2=" "><marc:subfield code="a">Reuchlin, Johann,</marc:subfield><marc:subfield code="d">1455-1522.</marc:subfield></marc:datafield><marc:datafield tag="240" ind1="1" ind2="0"><marc:subfield code="a">Vocabularium breviloquus</marc:subfield></marc:datafield><marc:datafield tag="245" ind1="1" ind2="0"><marc:subfield code="a">Finit Vocabularius breuiloquus, triplici alphabeto diuersis ex autoribus necnon corpore vtriusq[ue] iuris collectus ad Latinu[m] sermone[m] capessendum vtilissimus.</marc:subfield></marc:datafield><marc:datafield tag="260" ind1=" " ind2=" "><marc:subfield code="a">Impressus Basile[a]e :</marc:subfield><marc:subfield code="b">[Johann Amerbach],</marc:subfield><marc:subfield code="c">anno D[omi]ni 1480.</marc:subfield></marc:datafield><marc:datafield tag="300" ind1=" " ind2=" "><marc:subfield code="a">[660] p. (the last [2] p. blank) ;</marc:subfield><marc:subfield code="c">32 cm. (fol.)</marc:subfield></marc:datafield><marc:datafield tag="500" ind1=" " ind2=" "><marc:subfield code="a">Title and imprint from colophon (leaf 8 9v); publisher statement from Goff.</marc:subfield></marc:datafield><marc:datafield tag="500" ind1=" " ind2=" "><marc:subfield code="a">Includes Guarino's Ars diphthongandi, and Johannes de Lapide's Ars punctuandi, and De accentu.</marc:subfield></marc:datafield><marc:datafield tag="500" ind1=" " ind2=" "><marc:subfield code="a">Signatures: [A]⁶, a-r¹⁰, s⁸, [2nd]s¹⁰, t⁸, u¹⁰, v¹⁰, w¹⁰, x¹⁰, y¹², 1-5¹⁰, 6-7⁸, 8¹⁰.</marc:subfield></marc:datafield><marc:datafield tag="500" ind1=" " ind2=" "><marc:subfield code="a">Printed in 2 columns.</marc:subfield></marc:datafield><marc:datafield tag="500" ind1=" " ind2=" "><marc:subfield code="a">Capital spaces with guide letters.</marc:subfield></marc:datafield><marc:datafield tag="500" ind1=" " ind2=" "><marc:subfield code="a">Leaf 8 10 is blank.</marc:subfield></marc:datafield><marc:datafield tag="510" ind1="4" ind2=" "><marc:subfield code="a">Goff</marc:subfield><marc:subfield code="c">R-157.</marc:subfield></marc:datafield><marc:datafield tag="510" ind1="4" ind2=" "><marc:subfield code="a">Polain</marc:subfield><marc:subfield code="c">3340.</marc:subfield></marc:datafield><marc:datafield tag="510" ind1="4" ind2=" "><marc:subfield code="a">Copinger</marc:subfield><marc:subfield code="c">6286.</marc:subfield></marc:datafield><marc:datafield tag="510" ind1="4" ind2=" "><marc:subfield code="a">Benzing, J. Bib. der Schriften Johannes Reuchlins,</marc:subfield><marc:subfield code="c">3.</marc:subfield></marc:datafield><marc:datafield tag="590" ind1=" " ind2=" "><marc:subfield code="a">Folger copy lacks first leaf (with preface) and last leaf (blank); some worm holes in pts. of the book, slightly affecting text.</marc:subfield></marc:datafield><marc:datafield tag="590" ind1=" " ind2=" "><marc:subfield code="a">Bookstamp &quot;Bibl. Publ. Basileensis&quot; on leaf [A]2r; handwritten shelfmark on same leaf &quot;G. XXI: 28&quot;; number &quot;42&quot; handwritten on front pastedown in brown ink; purchased in Feb. 1902 (no. 670 in the Anderson sale catalog of John Appleton Library, Feb. 1902).</marc:subfield></marc:datafield><marc:datafield tag="590" ind1=" " ind2=" "><marc:subfield code="a">In a contemporary pigskin binding blind tooled with fillet borders and a saltire in central panel on both covers; remains of 2 clasps catching on front cover; manuscript fragments used as spine reinforcement and inside the gatherings.</marc:subfield></marc:datafield><marc:datafield tag="650" ind1=" " ind2="0"><marc:subfield code="a">Latin language</marc:subfield><marc:subfield code="v">Glossaries, vocabularies, etc.</marc:subfield></marc:datafield><marc:datafield tag="655" ind1=" " ind2="7"><marc:subfield code="a">Pigskin bindings (Binding)</marc:subfield><marc:subfield code="z">15th century.</marc:subfield><marc:subfield code="2">rbbin</marc:subfield></marc:datafield><marc:datafield tag="655" ind1=" " ind2="7"><marc:subfield code="a">Manuscript waste (Binding)</marc:subfield><marc:subfield code="2">rbbin</marc:subfield></marc:datafield><marc:datafield tag="740" ind1="0" ind2=" "><marc:subfield code="a">De accentu.</marc:subfield></marc:datafield><marc:datafield tag="740" ind1="0" ind2=" "><marc:subfield code="a">De arte punctuandi.</marc:subfield></marc:datafield><marc:datafield tag="740" ind1="0" ind2=" "><marc:subfield code="a">Ars punctuandi.</marc:subfield></marc:datafield><marc:datafield tag="740" ind1="0" ind2=" "><marc:subfield code="a">Ars diphthongandi.</marc:subfield></marc:datafield><marc:datafield tag="710" ind1="2" ind2=" "><marc:subfield code="a">Universitätsbibliothek Basel,</marc:subfield><marc:subfield code="e">former owner.</marc:subfield></marc:datafield><marc:datafield tag="700" ind1="1" ind2=" "><marc:subfield code="a">Appleton, John L.,</marc:subfield><marc:subfield code="e">former owner.</marc:subfield></marc:datafield><marc:datafield tag="700" ind1="1" ind2=" "><marc:subfield code="a">Amerbach, Johannes,</marc:subfield><marc:subfield code="d">1441?-1513,</marc:subfield><marc:subfield code="e">printer.</marc:subfield></marc:datafield><marc:datafield tag="752" ind1="1" ind2="0"><marc:subfield code="d">Basel.</marc:subfield></marc:datafield><marc:datafield tag="700" ind1="0" ind2="2"><marc:subfield code="a">Johannes,</marc:subfield><marc:subfield code="c">de Lapide,</marc:subfield><marc:subfield code="d">ca. 1425-1496.</marc:subfield><marc:subfield code="t">De accentu.</marc:subfield><marc:subfield code="f">1480.</marc:subfield></marc:datafield><marc:datafield tag="700" ind1="0" ind2="2"><marc:subfield code="a">Johannes,</marc:subfield><marc:subfield code="c">de Lapide,</marc:subfield><marc:subfield code="d">ca. 1425-1496.</marc:subfield><marc:subfield code="t">Ars punctuandi.</marc:subfield><marc:subfield code="f">1480.</marc:subfield></marc:datafield><marc:datafield tag="700" ind1="0" ind2="2"><marc:subfield code="a">Guarino,</marc:subfield><marc:subfield code="c">Veronese,</marc:subfield><marc:subfield code="d">1374-1460.</marc:subfield><marc:subfield code="t">Ars diphthongandi.</marc:subfield><marc:subfield code="f">1480.</marc:subfield></marc:datafield><marc:datafield tag="856" ind1="4" ind2="1"><marc:subfield code="u">http://luna.folger.edu/luna/servlet/s/3l3gw8</marc:subfield><marc:subfield code="z">Binding images and description for Folger Shakespeare Library INC R152</marc:subfield></marc:datafield><marc:datafield tag="950" ind1=" " ind2=" "><marc:subfield code="l">RARE</marc:subfield><marc:subfield code="i">01/04/96 C</marc:subfield></marc:datafield><marc:datafield tag="998" ind1=" " ind2=" "><marc:subfield code="a">01/04/96</marc:subfield><marc:subfield code="t">c</marc:subfield><marc:subfield code="s">9114</marc:subfield><marc:subfield code="n">DFo</marc:subfield><marc:subfield code="w">DCFG95B2611</marc:subfield><marc:subfield code="d">12/14/95</marc:subfield><marc:subfield code="c">ML</marc:subfield><marc:subfield code="b">MT</marc:subfield><marc:subfield code="l">DCFG</marc:subfield></marc:datafield></marc:record>