
<marc:record><marc:leader>04080cam a2200649 a 4500</marc:leader>
<marc:controlfield tag="001">90310</marc:controlfield>
<marc:controlfield tag="005">20120822121031.0</marc:controlfield><marc:controlfield tag="008">950711s1481    it            001 0 lat  </marc:controlfield><marc:datafield tag="010" ind1=" " ind2=" "><marc:subfield code="a">   88140197 </marc:subfield></marc:datafield><marc:datafield tag="035" ind1=" " ind2=" "><marc:subfield code="9">DCFG95-B1768</marc:subfield></marc:datafield><marc:datafield tag="040" ind1=" " ind2=" "><marc:subfield code="a">DLC</marc:subfield><marc:subfield code="c">DLC</marc:subfield><marc:subfield code="d">DLC</marc:subfield><marc:subfield code="d">DFo</marc:subfield></marc:datafield><marc:datafield tag="050" ind1="0" ind2="0"><marc:subfield code="a">Incun. 1481</marc:subfield><marc:subfield code="b">.N53</marc:subfield></marc:datafield><marc:datafield tag="051" ind1=" " ind2=" "><marc:subfield code="a">Incun. 1481</marc:subfield><marc:subfield code="b">.N53</marc:subfield><marc:subfield code="c">Copy 2. With the blank. Initials and paragraph-marks supplied in red or blue; the 1st initial in red and blue with brown-ink decoration; initial-strokes in red. Contemporary blind-stamped white leather with bosses and 2 clasps (1 broken)</marc:subfield></marc:datafield><marc:datafield tag="051" ind1=" " ind2=" "><marc:subfield code="a">Incun. 1481</marc:subfield><marc:subfield code="b">.N53</marc:subfield><marc:subfield code="c">Copy 3. Imperfect: p. [633-672] and the blank wanting. Initials supplied in red or blue; the 1st initial in gold and colors; paragraph-marks in red.</marc:subfield></marc:datafield><marc:datafield tag="051" ind1=" " ind2=" "><marc:subfield code="a">Incun. 1472</marc:subfield><marc:subfield code="b">.C59</marc:subfield><marc:subfield code="c">Copy 4. Imperfect: Consilia (p. [633-670]) only. Rubricated. With: De successionibus ab intestato / Cino, da Pistoia. Cologne : Printer of the Historia S. Albani, 1472?</marc:subfield></marc:datafield><marc:datafield tag="090" ind1=" " ind2=" "><marc:subfield code="b">INC N59</marc:subfield><marc:subfield code="n">:700-1 FOR OTHER EDITIONS, SEE MAIN ENTRY.</marc:subfield><marc:subfield code="f">cs933</marc:subfield><marc:subfield code="t">6̃50</marc:subfield><marc:subfield code="t">7̃40</marc:subfield><marc:subfield code="t">7̃96-1</marc:subfield><marc:subfield code="i">07/28/95 C</marc:subfield></marc:datafield><marc:datafield tag="240" ind1="1" ind2="0"><marc:subfield code="a">Supplementum Summae Pisanellae</marc:subfield></marc:datafield><marc:datafield tag="245" ind1="1" ind2="0"><marc:subfield code="a">Incipit liber qui dicitur Supplementum.</marc:subfield></marc:datafield><marc:datafield tag="260" ind1=" " ind2=" "><marc:subfield code="a">Impressus est opus hoc Venetijs :</marc:subfield><marc:subfield code="b">Cura ac dilige[n]tia Bartholomei de Alexa[n]dria, Andree de Asula [et] Maphei de Salo socio[rum],</marc:subfield><marc:subfield code="c">1481 die X. mensis Martij.</marc:subfield></marc:datafield><marc:datafield tag="300" ind1=" " ind2=" "><marc:subfield code="a">[672] p. (the first leaf blank) ;</marc:subfield><marc:subfield code="c">21 cm. (4to)</marc:subfield></marc:datafield><marc:datafield tag="500" ind1=" " ind2=" "><marc:subfield code="a">An enlargement, completed by Nicholas of Osimo in 1444, of the Summa de casibus conscientiae by Bartholomew of San Concordio. Arranged alphabetically by topic, with the supplementary text everywhere preceded by the letter A.</marc:subfield></marc:datafield><marc:datafield tag="500" ind1=" " ind2=" "><marc:subfield code="a">Title from incipit on leaf a2r, which begins: In nomine Domini Nostri Iesu [Christ]i amen.</marc:subfield></marc:datafield><marc:datafield tag="500" ind1=" " ind2=" "><marc:subfield code="a">Nicholas is named on leaf L2r.</marc:subfield></marc:datafield><marc:datafield tag="500" ind1=" " ind2=" "><marc:subfield code="a">Imprint from colophon (leaf M8v).</marc:subfield></marc:datafield><marc:datafield tag="500" ind1=" " ind2=" "><marc:subfield code="a">Signatures: a-f¹², g-h⁸, i¹², k-o⁸, 2o⁸, p-r⁸, [2-shaped r]⁸, s-y⁸, A-M⁸, j⁸, 2¹² (f2, f4, [2-shaped r]2, C2 unsigned).</marc:subfield></marc:datafield><marc:datafield tag="500" ind1=" " ind2=" "><marc:subfield code="a">Printed in 2 columns.</marc:subfield></marc:datafield><marc:datafield tag="500" ind1=" " ind2=" "><marc:subfield code="a">Capital spaces.</marc:subfield></marc:datafield><marc:datafield tag="500" ind1=" " ind2=" "><marc:subfield code="a">Includes register.</marc:subfield></marc:datafield><marc:datafield tag="510" ind1="4" ind2=" "><marc:subfield code="a">Goff</marc:subfield><marc:subfield code="c">N-73.</marc:subfield></marc:datafield><marc:datafield tag="510" ind1="4" ind2=" "><marc:subfield code="a">BM 15th cent.,</marc:subfield><marc:subfield code="c">V, p. 306 (IA.21595).</marc:subfield></marc:datafield><marc:datafield tag="510" ind1="4" ind2=" "><marc:subfield code="a">Hain-Copinger</marc:subfield><marc:subfield code="c">2161.</marc:subfield></marc:datafield><marc:datafield tag="500" ind1=" " ind2=" "><marc:subfield code="a">Tables of chapters, abbreviations, and rubrics: leaves L2v-M5v.</marc:subfield></marc:datafield><marc:datafield tag="500" ind1=" " ind2=" "><marc:subfield code="a">Canones poenitentiales (by Astesano): leaves M6r-M8v.</marc:subfield></marc:datafield><marc:datafield tag="500" ind1=" " ind2=" "><marc:subfield code="a">&quot;Primu[m][-quartum] [con]siliu[m] ... Alexa[n]dri de Neuo Vice[n]tini ... co[n]tra Iudeos fenerantes&quot;: leaves j 1r-2 11v.</marc:subfield></marc:datafield><marc:datafield tag="590" ind1=" " ind2=" "><marc:subfield code="a">Folger copy: leaf a1, blank, lacking.</marc:subfield></marc:datafield><marc:datafield tag="590" ind1=" " ind2=" "><marc:subfield code="a">A few paragraph marks in red ink in the first gathering.</marc:subfield></marc:datafield><marc:datafield tag="590" ind1=" " ind2=" "><marc:subfield code="a">A few initials provided in brown ink and drawing of a crown on leaf M5v.</marc:subfield></marc:datafield><marc:datafield tag="590" ind1=" " ind2=" "><marc:subfield code="a">Syston Park bookplate and monogram label of Sir John H. Thorold (no. 215 in the Sotheby sale catalog of his library, Dec. 1884) and his pencilled note &quot;Bohn 1827&quot; on front free endpaper; bookplate of Edward Whittaker Hennell; purchased in 1921.</marc:subfield></marc:datafield><marc:datafield tag="590" ind1=" " ind2=" "><marc:subfield code="a">Blue morocco blind tooled binding (C. Smith).</marc:subfield></marc:datafield><marc:datafield tag="650" ind1=" " ind2="0"><marc:subfield code="a">Canon law.</marc:subfield></marc:datafield><marc:datafield tag="700" ind1="1" ind2="2"><marc:subfield code="a">Nievo, Alessandro,</marc:subfield><marc:subfield code="d">d. 1484.</marc:subfield><marc:subfield code="t">Consilia contra Judaeos fenerantes.</marc:subfield><marc:subfield code="f">1481.</marc:subfield></marc:datafield><marc:datafield tag="740" ind1="0" ind2=" "><marc:subfield code="a">Supplementum.</marc:subfield></marc:datafield><marc:datafield tag="740" ind1="0" ind2=" "><marc:subfield code="a">Canones poenitentiales.</marc:subfield></marc:datafield><marc:datafield tag="740" ind1="0" ind2=" "><marc:subfield code="a">Consilia contra Judaeos fenerantes.</marc:subfield></marc:datafield><marc:datafield tag="700" ind1="1" ind2=" "><marc:subfield code="a">Smith, C.,</marc:subfield><marc:subfield code="e">binder.</marc:subfield></marc:datafield><marc:datafield tag="700" ind1="1" ind2=" "><marc:subfield code="a">Hennell, Edward Whittaker,</marc:subfield><marc:subfield code="e">former owner.</marc:subfield></marc:datafield><marc:datafield tag="710" ind1="2" ind2=" "><marc:subfield code="a">Thorold Family Library,</marc:subfield><marc:subfield code="e">former owner.</marc:subfield></marc:datafield><marc:datafield tag="700" ind1="1" ind2=" "><marc:subfield code="a">Torresanus, Andreas,</marc:subfield><marc:subfield code="c">de Asula,</marc:subfield><marc:subfield code="d">1451-1529,</marc:subfield><marc:subfield code="e">printer.</marc:subfield></marc:datafield><marc:datafield tag="700" ind1="1" ind2=" "><marc:subfield code="a">Pietriboni, Maffeo,</marc:subfield><marc:subfield code="d">fl. 1481-1483,</marc:subfield><marc:subfield code="e">printer.</marc:subfield></marc:datafield><marc:datafield tag="700" ind1="1" ind2=" "><marc:subfield code="a">Blavi, Bartolomeo de',</marc:subfield><marc:subfield code="d">fl. 1478-1486,</marc:subfield><marc:subfield code="e">printer.</marc:subfield></marc:datafield><marc:datafield tag="752" ind1="1" ind2="0"><marc:subfield code="d">Venice.</marc:subfield></marc:datafield><marc:datafield tag="100" ind1="0" ind2=" "><marc:subfield code="a">Nicholas,</marc:subfield><marc:subfield code="c">of Osimo,</marc:subfield><marc:subfield code="d">d. 1453.</marc:subfield></marc:datafield><marc:datafield tag="700" ind1="0" ind2=" "><marc:subfield code="a">Bartholomew,</marc:subfield><marc:subfield code="c">of San Concordio,</marc:subfield><marc:subfield code="d">1262-1347.</marc:subfield><marc:subfield code="t">Summa de casibus conscientiae.</marc:subfield></marc:datafield><marc:datafield tag="700" ind1="0" ind2="2"><marc:subfield code="a">Astesano,</marc:subfield><marc:subfield code="d">d. 1330?</marc:subfield><marc:subfield code="t">Canones poenitentiales.</marc:subfield><marc:subfield code="f">1481.</marc:subfield></marc:datafield><marc:datafield tag="856" ind1="4" ind2="1"><marc:subfield code="u">http://luna.folger.edu/luna/servlet/s/0186xf</marc:subfield><marc:subfield code="z">Binding images and description for Folger Shakespeare Library INC N59</marc:subfield></marc:datafield><marc:datafield tag="950" ind1=" " ind2=" "><marc:subfield code="l">RARE</marc:subfield><marc:subfield code="i">07/28/95 C</marc:subfield></marc:datafield><marc:datafield tag="998" ind1=" " ind2=" "><marc:subfield code="a">07/28/95</marc:subfield><marc:subfield code="t">c</marc:subfield><marc:subfield code="s">9110</marc:subfield><marc:subfield code="n">DFo</marc:subfield><marc:subfield code="w">DCLC88140197B</marc:subfield><marc:subfield code="d">07/11/95</marc:subfield><marc:subfield code="c">ML</marc:subfield><marc:subfield code="b">MT</marc:subfield><marc:subfield code="l">DCFG</marc:subfield></marc:datafield></marc:record>