
<marc:record><marc:leader>02862cam a2200469 a 4500</marc:leader>
<marc:controlfield tag="001">90058</marc:controlfield>
<marc:controlfield tag="005">20110119170018.0</marc:controlfield><marc:controlfield tag="008">941026s1496    gw            000 0 lat d</marc:controlfield><marc:datafield tag="035" ind1=" " ind2=" "><marc:subfield code="9">DCFG94-B3296</marc:subfield></marc:datafield><marc:datafield tag="040" ind1=" " ind2=" "><marc:subfield code="a">DFo</marc:subfield><marc:subfield code="c">DFo</marc:subfield><marc:subfield code="e">dcrb</marc:subfield><marc:subfield code="d">UtOrBLW</marc:subfield></marc:datafield><marc:datafield tag="090" ind1=" " ind2=" "><marc:subfield code="b">INC E123</marc:subfield><marc:subfield code="t">6̃10</marc:subfield><marc:subfield code="t">6̃90</marc:subfield><marc:subfield code="t">7̃10</marc:subfield><marc:subfield code="t">7̃40</marc:subfield><marc:subfield code="t">7̃96-1</marc:subfield><marc:subfield code="t">7̃96-2</marc:subfield><marc:subfield code="i">10/28/94 C</marc:subfield></marc:datafield><marc:datafield tag="110" ind1="2" ind2=" "><marc:subfield code="a">Catholic Church.</marc:subfield></marc:datafield><marc:datafield tag="240" ind1="1" ind2="0"><marc:subfield code="a">Expositio hymnorum</marc:subfield></marc:datafield><marc:datafield tag="245" ind1="1" ind2="0"><marc:subfield code="a">Expositio himnor[um] cu[m] notabili co[m]me[n]to q[uo]d s[u]p[er] i[m]plicat historias cu[m] optimis allegat[i]onib[us] Sacre Scripture illor[um] Sanctor[um] vel Sanctar[um] de q[ui]b[us] tales himni deca[n]tant[ur] ...</marc:subfield></marc:datafield><marc:datafield tag="246" ind1="3" ind2="3"><marc:subfield code="a">Hymnarius</marc:subfield></marc:datafield><marc:datafield tag="260" ind1=" " ind2=" "><marc:subfield code="a">Impressus in sancta Colonia :</marc:subfield><marc:subfield code="b">P[er] Henricum Quentell,</marc:subfield><marc:subfield code="c">anno Incarnationis Dominice 1496. octaua die Octobris.</marc:subfield></marc:datafield><marc:datafield tag="300" ind1=" " ind2=" "><marc:subfield code="a">[1], lxxvj, [1] leaves ;</marc:subfield><marc:subfield code="c">20 cm. (4to)</marc:subfield></marc:datafield><marc:datafield tag="500" ind1=" " ind2=" "><marc:subfield code="a">Probably printed at the same time as the Sequentiary.</marc:subfield></marc:datafield><marc:datafield tag="500" ind1=" " ind2=" "><marc:subfield code="a">Imprint from colophon (leaf M5r).</marc:subfield></marc:datafield><marc:datafield tag="500" ind1=" " ind2=" "><marc:subfield code="a">Signatures: A⁸, B⁶, C⁸, D-E⁶, F⁸, G⁶, H⁸, I-K⁶, L⁴, M⁶.</marc:subfield></marc:datafield><marc:datafield tag="500" ind1=" " ind2=" "><marc:subfield code="a">Woodcut on t.p. depicting a teacher with 4 students.</marc:subfield></marc:datafield><marc:datafield tag="500" ind1=" " ind2=" "><marc:subfield code="a">Capital spaces.</marc:subfield></marc:datafield><marc:datafield tag="500" ind1=" " ind2=" "><marc:subfield code="a">Text followed by commentary.</marc:subfield></marc:datafield><marc:datafield tag="510" ind1="4" ind2=" "><marc:subfield code="a">Goff</marc:subfield><marc:subfield code="c">E-156.</marc:subfield></marc:datafield><marc:datafield tag="510" ind1="4" ind2=" "><marc:subfield code="a">BM 15th cent.,</marc:subfield><marc:subfield code="c">I, p. 286 (IA.4652).</marc:subfield></marc:datafield><marc:datafield tag="510" ind1="4" ind2=" "><marc:subfield code="a">Pellechet,</marc:subfield><marc:subfield code="c">4688.</marc:subfield></marc:datafield><marc:datafield tag="510" ind1="4" ind2=" "><marc:subfield code="a">Vouilléme, E. Buchdruck Kölns,</marc:subfield><marc:subfield code="c">606.</marc:subfield></marc:datafield><marc:datafield tag="590" ind1=" " ind2=" "><marc:subfield code="a">Folger copy: t.p. cut away (description from BM 15th cent.); edges trimmed, affecting manuscript notes.</marc:subfield></marc:datafield><marc:datafield tag="590" ind1=" " ind2=" "><marc:subfield code="a">Rubrication in pts. (as in the 3 other items bound in the vol.) of initials, underlining of headings and some sentences, paragraph marks, capital strokes.</marc:subfield></marc:datafield><marc:datafield tag="590" ind1=" " ind2=" "><marc:subfield code="a">Manuscript notes in brown ink in several hands, one of them (and the rubricator's) being Johann Velchauer's whose mark of ownership appears at end of the last item in the vol.; finding notes, numbering, markings and initials in black ink in another hand (annotations with date 1548 in same hand at end of the 4th item).</marc:subfield></marc:datafield><marc:datafield tag="590" ind1=" " ind2=" "><marc:subfield code="a">Several ownership inscriptions defaced at end of the last item in the vol., one of them being Johann Velchauer's with price and date 1515(?); W.T. Smedley copy; purchased in 1924.</marc:subfield></marc:datafield><marc:datafield tag="590" ind1=" " ind2=" "><marc:subfield code="a">Repaired.</marc:subfield></marc:datafield><marc:datafield tag="590" ind1=" " ind2=" "><marc:subfield code="a">With: Guillermus, Parisienses. Postilla Guillerini sup[er] Epistolas et Euangelia de tempore et Sanctis et pro defunctis. Impressa Colon[iae] : P[er] me Henricu[m] Quentell, anno [Christ]i 1497.</marc:subfield></marc:datafield><marc:datafield tag="610" ind1="2" ind2="0"><marc:subfield code="a">Catholic Church</marc:subfield><marc:subfield code="v">Hymns.</marc:subfield></marc:datafield><marc:datafield tag="655" ind1=" " ind2="7"><marc:subfield code="a">Annotations (Provenance)</marc:subfield><marc:subfield code="2">rbprov</marc:subfield></marc:datafield><marc:datafield tag="710" ind1="2" ind2=" "><marc:subfield code="a">Catholic Church.</marc:subfield><marc:subfield code="t">Hymnary.</marc:subfield></marc:datafield><marc:datafield tag="700" ind1="1" ind2=" "><marc:subfield code="a">Smedley, William T.</marc:subfield><marc:subfield code="q">(William Thomas),</marc:subfield><marc:subfield code="d">b. 1851,</marc:subfield><marc:subfield code="e">former owner.</marc:subfield></marc:datafield><marc:datafield tag="700" ind1="1" ind2=" "><marc:subfield code="a">Velchauer, Johann,</marc:subfield><marc:subfield code="d">fl. 1515?,</marc:subfield><marc:subfield code="e">former owner.</marc:subfield></marc:datafield><marc:datafield tag="700" ind1="1" ind2=" "><marc:subfield code="a">Quentell, Heinrich,</marc:subfield><marc:subfield code="d">d. 1501,</marc:subfield><marc:subfield code="e">printer.</marc:subfield></marc:datafield><marc:datafield tag="752" ind1="1" ind2="0"><marc:subfield code="d">Cologne.</marc:subfield></marc:datafield><marc:datafield tag="950" ind1=" " ind2=" "><marc:subfield code="l">RARE</marc:subfield><marc:subfield code="e">Bd.w. INC G636</marc:subfield><marc:subfield code="i">10/28/94 C</marc:subfield></marc:datafield><marc:datafield tag="998" ind1=" " ind2=" "><marc:subfield code="a">10/28/94</marc:subfield><marc:subfield code="t">c</marc:subfield><marc:subfield code="s">9114</marc:subfield><marc:subfield code="n">DFo</marc:subfield><marc:subfield code="w">DCFG94B3296</marc:subfield><marc:subfield code="d">10/26/94</marc:subfield><marc:subfield code="c">ML</marc:subfield><marc:subfield code="b">MT</marc:subfield><marc:subfield code="l">DCFG</marc:subfield></marc:datafield></marc:record>