
<marc:record><marc:leader>02252cam a2200397 a 4500</marc:leader>
<marc:controlfield tag="001">79712</marc:controlfield>
<marc:controlfield tag="005">20110119165450.0</marc:controlfield><marc:controlfield tag="008">920803s1500    fr a          000 0 lat d</marc:controlfield><marc:datafield tag="035" ind1=" " ind2=" "><marc:subfield code="9">DCFG92-B4862</marc:subfield></marc:datafield><marc:datafield tag="035" ind1=" " ind2=" "><marc:subfield code="a">79712</marc:subfield></marc:datafield><marc:datafield tag="040" ind1=" " ind2=" "><marc:subfield code="a">DFo</marc:subfield><marc:subfield code="c">DFo</marc:subfield><marc:subfield code="e">dcrb</marc:subfield><marc:subfield code="d">UtOrBLW</marc:subfield></marc:datafield><marc:datafield tag="090" ind1=" " ind2=" "><marc:subfield code="b">INC D293.2</marc:subfield><marc:subfield code="f">156948</marc:subfield><marc:subfield code="t">7̃40</marc:subfield><marc:subfield code="i">09/29/94 X</marc:subfield><marc:subfield code="h">08/25/94 N</marc:subfield><marc:subfield code="h">01/21/93 C</marc:subfield></marc:datafield><marc:datafield tag="100" ind1="1" ind2=" "><marc:subfield code="a">Dozoli, Laurentius,</marc:subfield><marc:subfield code="d">d. ca. 1480.</marc:subfield></marc:datafield><marc:datafield tag="245" ind1="1" ind2="0"><marc:subfield code="a">Tractat[us] Corporis [Christi] quo[d] sacerdotes se debeant habere erga Eucharistia[m] co[n]secra[n]dam :</marc:subfield><marc:subfield code="b">cum questionibus [et] solutionibus, plurimis.</marc:subfield></marc:datafield><marc:datafield tag="246" ind1="3" ind2="3"><marc:subfield code="a">Repetitio capituli: Quum Marthae</marc:subfield></marc:datafield><marc:datafield tag="260" ind1=" " ind2=" "><marc:subfield code="a">Impressus Lugduni :</marc:subfield><marc:subfield code="b">Per Petru[m] Mareschal, [et] [per] Barnaba[m] Chaussard,</marc:subfield><marc:subfield code="c">anno D[omi]ni Millesimo ccccc. die vero tertia Aprilis [3 April 1500]</marc:subfield></marc:datafield><marc:datafield tag="300" ind1=" " ind2=" "><marc:subfield code="a">[72] p. :</marc:subfield><marc:subfield code="b">2 ill. (woodcuts) ;</marc:subfield><marc:subfield code="c">14 cm. (8vo)</marc:subfield></marc:datafield><marc:datafield tag="500" ind1=" " ind2=" "><marc:subfield code="a">According to GW entry for other eds. of this work, this is a doctor's dissertation written by Buyer under the direction of Dozoli, at the university of Valence; in GW under the title: Repetitio capituli: Quum Marthae (Decretal. III 41, 6).</marc:subfield></marc:datafield><marc:datafield tag="500" ind1=" " ind2=" "><marc:subfield code="a">Caption title (leaf a2r): Sequitur lectura decretalis: Cum marte. Et pri[m]o [con]tinuat[ur] rubrica hoc ordi[n]e ...</marc:subfield></marc:datafield><marc:datafield tag="500" ind1=" " ind2=" "><marc:subfield code="a">Imprint from colophon.</marc:subfield></marc:datafield><marc:datafield tag="500" ind1=" " ind2=" "><marc:subfield code="a">Signatures: a-d⁸, e⁴.</marc:subfield></marc:datafield><marc:datafield tag="500" ind1=" " ind2=" "><marc:subfield code="a">Measurement of the printed p. (b2r): 29 lines, 105 (108) x 64 mm.</marc:subfield></marc:datafield><marc:datafield tag="500" ind1=" " ind2=" "><marc:subfield code="a">Type of text: 72 G. Cf. BM 15th cent., VIII, p. 316 (plate LI F).</marc:subfield></marc:datafield><marc:datafield tag="500" ind1=" " ind2=" "><marc:subfield code="a">One large initial (6 lines) at beginning of text (leaf a2r) and smaller ones at beginning of each main paragraph (2 lines).</marc:subfield></marc:datafield><marc:datafield tag="500" ind1=" " ind2=" "><marc:subfield code="a">Two small woodcuts on t.p. depicting a priest kneeling in front of the altar and preaching.</marc:subfield></marc:datafield><marc:datafield tag="510" ind1="4" ind2=" "><marc:subfield code="a">Goff</marc:subfield><marc:subfield code="c">D-365.</marc:subfield></marc:datafield><marc:datafield tag="500" ind1=" " ind2=" "><marc:subfield code="a">&quot;Hic continent plura dicta Sancto[rum] doctorum de virtute sacramenti altaris ...&quot;: leaves e3r-e4r.</marc:subfield></marc:datafield><marc:datafield tag="590" ind1=" " ind2=" "><marc:subfield code="a">Purchased in 1956.</marc:subfield></marc:datafield><marc:datafield tag="650" ind1=" " ind2="0"><marc:subfield code="a">Lord's Supper.</marc:subfield></marc:datafield><marc:datafield tag="655" ind1=" " ind2="7"><marc:subfield code="a">Illustrated works</marc:subfield><marc:subfield code="y">15th and 16th centuries.</marc:subfield><marc:subfield code="2">rbgenr</marc:subfield></marc:datafield><marc:datafield tag="700" ind1="1" ind2=" "><marc:subfield code="a">Buyer, Jacques,</marc:subfield><marc:subfield code="d">15th cent.</marc:subfield></marc:datafield><marc:datafield tag="700" ind1="1" ind2=" "><marc:subfield code="a">Mareschal, Pierre,</marc:subfield><marc:subfield code="d">fl. 1492-1529,</marc:subfield><marc:subfield code="e">printer.</marc:subfield></marc:datafield><marc:datafield tag="700" ind1="1" ind2=" "><marc:subfield code="a">Chaussard, Barnabé,</marc:subfield><marc:subfield code="d">fl. 1492-1527,</marc:subfield><marc:subfield code="e">printer.</marc:subfield></marc:datafield><marc:datafield tag="752" ind1="1" ind2="0"><marc:subfield code="d">Lyons.</marc:subfield></marc:datafield><marc:datafield tag="950" ind1=" " ind2=" "><marc:subfield code="l">RARE</marc:subfield><marc:subfield code="h">01/21/93 C</marc:subfield></marc:datafield><marc:datafield tag="998" ind1=" " ind2=" "><marc:subfield code="a">09/29/94</marc:subfield><marc:subfield code="t">c</marc:subfield><marc:subfield code="s">9114</marc:subfield><marc:subfield code="n">DFo</marc:subfield><marc:subfield code="w">DCFG92B4862</marc:subfield><marc:subfield code="d">08/03/92</marc:subfield><marc:subfield code="c">ML</marc:subfield><marc:subfield code="b">MT</marc:subfield><marc:subfield code="l">DCFG</marc:subfield></marc:datafield></marc:record>