
<marc:record><marc:leader>02369cam a2200409 a 4500</marc:leader>
<marc:controlfield tag="001">89416</marc:controlfield>
<marc:controlfield tag="005">20120821153118.0</marc:controlfield><marc:controlfield tag="008">931214s1492    it            000 0 lat d</marc:controlfield><marc:datafield tag="035" ind1=" " ind2=" "><marc:subfield code="9">DCFG93-B15726</marc:subfield></marc:datafield><marc:datafield tag="040" ind1=" " ind2=" "><marc:subfield code="a">DFo</marc:subfield><marc:subfield code="c">DFo</marc:subfield><marc:subfield code="e">dcrb</marc:subfield></marc:datafield><marc:datafield tag="090" ind1=" " ind2=" "><marc:subfield code="b">INC A824</marc:subfield><marc:subfield code="f">cs176</marc:subfield><marc:subfield code="t">6̃50</marc:subfield><marc:subfield code="t">7̃40</marc:subfield><marc:subfield code="t">7̃96-3</marc:subfield><marc:subfield code="t">7̃97-2</marc:subfield><marc:subfield code="i">12/22/93 C</marc:subfield></marc:datafield><marc:datafield tag="100" ind1="1" ind2=" "><marc:subfield code="a">Apollonio Collazio, Pietro.</marc:subfield></marc:datafield><marc:datafield tag="240" ind1="1" ind2="0"><marc:subfield code="a">Fasti maiores</marc:subfield></marc:datafield><marc:datafield tag="245" ind1="1" ind2="0"><marc:subfield code="a">Petri Apollonii Collatii (presbyteri Nouariensis Fastorum maiorum libellus.</marc:subfield></marc:datafield><marc:datafield tag="246" ind1="3" ind2="3"><marc:subfield code="a">Fastorum maiorum libellus</marc:subfield></marc:datafield><marc:datafield tag="260" ind1=" " ind2=" "><marc:subfield code="a">Impressus Mediola[n]i :</marc:subfield><marc:subfield code="b">Per Magistru[m] Filippum de Ma[n]tegatiis, impe[n]sa Pauli Taegii, qui ob singulare[m] erga auctorem huius operis beniuolentiam illud no[n] ultra passus est incognitum hominibus fore,</marc:subfield><marc:subfield code="c">anno Domini, 1492, die Xxii. Iunii.</marc:subfield></marc:datafield><marc:datafield tag="300" ind1=" " ind2=" "><marc:subfield code="a">[72] p. (the last [2] p. blank) ;</marc:subfield><marc:subfield code="c">22 cm. (8vo)</marc:subfield></marc:datafield><marc:datafield tag="500" ind1=" " ind2=" "><marc:subfield code="a">In verse.</marc:subfield></marc:datafield><marc:datafield tag="500" ind1=" " ind2=" "><marc:subfield code="a">Title from leaf a2r. Leaf a1r reads: Reuerendissimo in Christo pr̃i ac Domino d Ardicino Laportae Aleriensi Cardinali praesbitero tituli Sa[n]ctorum. Io. &amp; Pauli Petrus apollonius collatinus presbyter Nouariensis. salutem ...</marc:subfield></marc:datafield><marc:datafield tag="500" ind1=" " ind2=" "><marc:subfield code="a">Imprint from colophon (leaf e3v).</marc:subfield></marc:datafield><marc:datafield tag="500" ind1=" " ind2=" "><marc:subfield code="a">Signatures: a-d⁸, e⁴.</marc:subfield></marc:datafield><marc:datafield tag="500" ind1=" " ind2=" "><marc:subfield code="a">Capital spaces with guide letters.</marc:subfield></marc:datafield><marc:datafield tag="510" ind1="4" ind2=" "><marc:subfield code="a">Goff</marc:subfield><marc:subfield code="c">A-923.</marc:subfield></marc:datafield><marc:datafield tag="510" ind1="4" ind2=" "><marc:subfield code="a">BM 15th cent.,</marc:subfield><marc:subfield code="c">VI, p. 785 (IA.26825).</marc:subfield></marc:datafield><marc:datafield tag="510" ind1="4" ind2=" "><marc:subfield code="a">GW</marc:subfield><marc:subfield code="c">7158.</marc:subfield></marc:datafield><marc:datafield tag="590" ind1=" " ind2=" "><marc:subfield code="a">Folger copy: autograph of Michael Wodhull and his date of acquisition &quot;May 5th 1789&quot; on front fly leaf, his date &quot;Dec. 26th 1790&quot; at the end of the book; also his note of provenance &quot;Pinelli Auction&quot; (no. 10152 in the Pinelli sale catalog March-May 1789; no. 145 in the Sotheby sale catalog of Michael Wodhull's library, January 1886).</marc:subfield></marc:datafield><marc:datafield tag="590" ind1=" " ind2=" "><marc:subfield code="a">18th century calf binding with the arms of Michael Wodhull gold tooled on front cover.</marc:subfield></marc:datafield><marc:datafield tag="650" ind1=" " ind2="0"><marc:subfield code="a">Fasts and feasts</marc:subfield><marc:subfield code="z">Italy</marc:subfield><marc:subfield code="v">Poetry.</marc:subfield></marc:datafield><marc:datafield tag="650" ind1=" " ind2="0"><marc:subfield code="a">Church year</marc:subfield><marc:subfield code="v">Poetry.</marc:subfield></marc:datafield><marc:datafield tag="700" ind1="1" ind2=" "><marc:subfield code="a">Mantegazza, Filippo,</marc:subfield><marc:subfield code="d">fl. 1490-1505,</marc:subfield><marc:subfield code="e">printer.</marc:subfield></marc:datafield><marc:datafield tag="700" ind1="1" ind2=" "><marc:subfield code="a">Taegeo, Paolo da,</marc:subfield><marc:subfield code="d">fl. 1492,</marc:subfield><marc:subfield code="e">printer.</marc:subfield></marc:datafield><marc:datafield tag="752" ind1="1" ind2="0"><marc:subfield code="d">Milan.</marc:subfield></marc:datafield><marc:datafield tag="700" ind1="1" ind2=" "><marc:subfield code="a">Wodhull, Michael,</marc:subfield><marc:subfield code="d">1740-1816,</marc:subfield><marc:subfield code="e">former owner.</marc:subfield></marc:datafield><marc:datafield tag="710" ind1="2" ind2=" "><marc:subfield code="a">Pinelli Library (Venice, Italy),</marc:subfield><marc:subfield code="e">former owner.</marc:subfield></marc:datafield><marc:datafield tag="856" ind1="4" ind2="1"><marc:subfield code="u">http://luna.folger.edu/luna/servlet/s/j9si33</marc:subfield><marc:subfield code="z">Binding images and description for Folger Shakespeare Library INC A824</marc:subfield></marc:datafield><marc:datafield tag="950" ind1=" " ind2=" "><marc:subfield code="l">RARE</marc:subfield><marc:subfield code="i">12/22/93 C</marc:subfield></marc:datafield><marc:datafield tag="998" ind1=" " ind2=" "><marc:subfield code="a">12/22/93</marc:subfield><marc:subfield code="t">c</marc:subfield><marc:subfield code="s">9114</marc:subfield><marc:subfield code="n">DFo</marc:subfield><marc:subfield code="w">DCFG93B15726</marc:subfield><marc:subfield code="d">12/14/93</marc:subfield><marc:subfield code="c">ML</marc:subfield><marc:subfield code="b">MT</marc:subfield><marc:subfield code="l">DCFG</marc:subfield></marc:datafield></marc:record>