
<marc:record><marc:leader>01976cam a2200385 a 4500</marc:leader>
<marc:controlfield tag="001">89906</marc:controlfield>
<marc:controlfield tag="005">20110119170010.0</marc:controlfield><marc:controlfield tag="008">940620s1499    it            000 0 lat d</marc:controlfield><marc:datafield tag="035" ind1=" " ind2=" "><marc:subfield code="9">DCFG94-B2504</marc:subfield></marc:datafield><marc:datafield tag="035" ind1=" " ind2=" "><marc:subfield code="a">89906</marc:subfield></marc:datafield><marc:datafield tag="040" ind1=" " ind2=" "><marc:subfield code="a">DFo</marc:subfield><marc:subfield code="c">DFo</marc:subfield><marc:subfield code="e">dcrb</marc:subfield><marc:subfield code="d">UtOrBLW</marc:subfield></marc:datafield><marc:datafield tag="090" ind1=" " ind2=" "><marc:subfield code="b">INC C105</marc:subfield><marc:subfield code="f">190992</marc:subfield><marc:subfield code="i">12/06/94 X</marc:subfield><marc:subfield code="h">06/27/94 C</marc:subfield></marc:datafield><marc:datafield tag="100" ind1="0" ind2=" "><marc:subfield code="a">Martianus Capella.</marc:subfield></marc:datafield><marc:datafield tag="240" ind1="1" ind2="0"><marc:subfield code="a">De nuptiis Philologiae et Mercurii</marc:subfield></marc:datafield><marc:datafield tag="245" ind1="1" ind2="0"><marc:subfield code="a">Opus Martiani Capelle de nuptijs Philologie [et] Mercurij libri duo, de grammatica, de dialectica, de rhetorica, de geometri. [sic], de arithmetica, de astronomia, de musica libri septem.</marc:subfield></marc:datafield><marc:datafield tag="260" ind1=" " ind2=" "><marc:subfield code="a">Impressus Vicentiae ... :</marc:subfield><marc:subfield code="b">Per Henricum de Sancto Vrso ...,</marc:subfield><marc:subfield code="c">anno Salutis 1499 xvii Kalendas Ianuarias [16 Dec]</marc:subfield></marc:datafield><marc:datafield tag="300" ind1=" " ind2=" "><marc:subfield code="a">[248] p. ;</marc:subfield><marc:subfield code="c">31 cm. (fol.)</marc:subfield></marc:datafield><marc:datafield tag="500" ind1=" " ind2=" "><marc:subfield code="a">Edited by Franciscus Vitalis Bodianus.</marc:subfield></marc:datafield><marc:datafield tag="500" ind1=" " ind2=" "><marc:subfield code="a">Imprint from colophon (leaf u5v), reading: Impressus Vicentiae Anno Salutis M.ccccxcix. xvii Kalendas Ianuarias per Henricum de Sancto Vrso.</marc:subfield></marc:datafield><marc:datafield tag="500" ind1=" " ind2=" "><marc:subfield code="a">Signatures: a-b⁸, c-i⁶, K⁶, l-u⁶ (c2 signed 2, d3 signed d4, i2 signed i3, i3 signed i4).</marc:subfield></marc:datafield><marc:datafield tag="500" ind1=" " ind2=" "><marc:subfield code="a">Capital spaces with guide letters.</marc:subfield></marc:datafield><marc:datafield tag="500" ind1=" " ind2=" "><marc:subfield code="a">Includes register.</marc:subfield></marc:datafield><marc:datafield tag="500" ind1=" " ind2=" "><marc:subfield code="a">Errata: leaf u6.</marc:subfield></marc:datafield><marc:datafield tag="510" ind1="4" ind2=" "><marc:subfield code="a">Goff</marc:subfield><marc:subfield code="c">C-117.</marc:subfield></marc:datafield><marc:datafield tag="510" ind1="4" ind2=" "><marc:subfield code="a">BM 15th cent.,</marc:subfield><marc:subfield code="c">VII, p. 1048 (IB.31860.A); XII, p. 74 (IB.31860.B)</marc:subfield></marc:datafield><marc:datafield tag="510" ind1="4" ind2=" "><marc:subfield code="a">Hain</marc:subfield><marc:subfield code="c">*4370.</marc:subfield></marc:datafield><marc:datafield tag="510" ind1="4" ind2=" "><marc:subfield code="a">Smith, D.E. Rara arithmetica,</marc:subfield><marc:subfield code="c">p. 66.</marc:subfield></marc:datafield><marc:datafield tag="590" ind1=" " ind2=" "><marc:subfield code="a">Folger copy: manuscript notes and markings in the margins in brown ink; manuscript addition of headlines starting in 3rd book; some manuscript corrections, addition of some abbreviations in text and title, and filling of a few unevenly printed letters.</marc:subfield></marc:datafield><marc:datafield tag="590" ind1=" " ind2=" "><marc:subfield code="a">Purchased in 1964.</marc:subfield></marc:datafield><marc:datafield tag="655" ind1=" " ind2="7"><marc:subfield code="a">Annotations (Provenance)</marc:subfield><marc:subfield code="2">rbprov</marc:subfield></marc:datafield><marc:datafield tag="700" ind1="1" ind2=" "><marc:subfield code="a">Vitalis Bodianus, Franciscus.</marc:subfield></marc:datafield><marc:datafield tag="700" ind1="1" ind2=" "><marc:subfield code="a">Sancto Ursio, Henricus de,</marc:subfield><marc:subfield code="d">fl. 1480-1508,</marc:subfield><marc:subfield code="e">printer.</marc:subfield></marc:datafield><marc:datafield tag="752" ind1="1" ind2="0"><marc:subfield code="d">Vicenza.</marc:subfield></marc:datafield><marc:datafield tag="950" ind1=" " ind2=" "><marc:subfield code="l">RARE</marc:subfield><marc:subfield code="h">06/27/94 C</marc:subfield></marc:datafield><marc:datafield tag="998" ind1=" " ind2=" "><marc:subfield code="a">12/06/94</marc:subfield><marc:subfield code="t">c</marc:subfield><marc:subfield code="s">9114</marc:subfield><marc:subfield code="n">DFo</marc:subfield><marc:subfield code="w">DCFG94B2504</marc:subfield><marc:subfield code="d">06/20/94</marc:subfield><marc:subfield code="c">ML</marc:subfield><marc:subfield code="b">ML</marc:subfield><marc:subfield code="l">DCFG</marc:subfield></marc:datafield></marc:record>