
<marc:record><marc:leader>02633cam a2200457 a 4500</marc:leader>
<marc:controlfield tag="001">89554</marc:controlfield>
<marc:controlfield tag="005">20110119165954.0</marc:controlfield><marc:controlfield tag="008">940201s1494    gw            001 0 lat d</marc:controlfield><marc:datafield tag="035" ind1=" " ind2=" "><marc:subfield code="9">DCFG94-B468</marc:subfield></marc:datafield><marc:datafield tag="040" ind1=" " ind2=" "><marc:subfield code="a">DFo</marc:subfield><marc:subfield code="c">DFo</marc:subfield><marc:subfield code="e">dcrb</marc:subfield><marc:subfield code="d">UtOrBLW</marc:subfield></marc:datafield><marc:datafield tag="090" ind1=" " ind2=" "><marc:subfield code="b">INC A1105</marc:subfield><marc:subfield code="n">:700 FOR OTHER EDITIONS, SEE MAIN ENTRY.</marc:subfield><marc:subfield code="t">7̃96-3</marc:subfield><marc:subfield code="t">7̃96-4</marc:subfield><marc:subfield code="i">02/17/94 C</marc:subfield></marc:datafield><marc:datafield tag="240" ind1="1" ind2="0"><marc:subfield code="a">De civitate Dei</marc:subfield></marc:datafield><marc:datafield tag="245" ind1="1" ind2="0"><marc:subfield code="a">Augustinus De ciuitate Dei :</marc:subfield><marc:subfield code="b">cum commento.</marc:subfield></marc:datafield><marc:datafield tag="260" ind1=" " ind2=" "><marc:subfield code="a">In Friburga :</marc:subfield><marc:subfield code="b">[Kilian Fischer],</marc:subfield><marc:subfield code="c">anno Incarnationis D[omi]ni. 1494.</marc:subfield></marc:datafield><marc:datafield tag="300" ind1=" " ind2=" "><marc:subfield code="a">[512] p. ;</marc:subfield><marc:subfield code="c">31 cm. (fol.)</marc:subfield></marc:datafield><marc:datafield tag="500" ind1=" " ind2=" "><marc:subfield code="a">Commentary by Thomas Wallensis and Nicholas Trivet.</marc:subfield></marc:datafield><marc:datafield tag="500" ind1=" " ind2=" "><marc:subfield code="a">Imprint from colophon (leaf T2r), which reads: Finitum est hoc opus in friburga. Anno incarnationis dñi. M.cccc.xciiij.</marc:subfield></marc:datafield><marc:datafield tag="500" ind1=" " ind2=" "><marc:subfield code="a">Publisher statement from Goff.</marc:subfield></marc:datafield><marc:datafield tag="500" ind1=" " ind2=" "><marc:subfield code="a">Signatures: a⁸, b-x⁶, y⁸, z⁶, A-T⁶ (l4 signed 4, z2 signed 2z; b2 and x3 unsigned).</marc:subfield></marc:datafield><marc:datafield tag="500" ind1=" " ind2=" "><marc:subfield code="a">Capital spaces with guide letters.</marc:subfield></marc:datafield><marc:datafield tag="500" ind1=" " ind2=" "><marc:subfield code="a">Text printed in 2 columns, surrounded by commentary.</marc:subfield></marc:datafield><marc:datafield tag="510" ind1="4" ind2=" "><marc:subfield code="a">Goff</marc:subfield><marc:subfield code="c">A-1246.</marc:subfield></marc:datafield><marc:datafield tag="510" ind1="4" ind2=" "><marc:subfield code="a">BM 15th cent.,</marc:subfield><marc:subfield code="c">III, p. 695 (IB.14206).</marc:subfield></marc:datafield><marc:datafield tag="510" ind1="4" ind2=" "><marc:subfield code="a">GW</marc:subfield><marc:subfield code="c">2890.</marc:subfield></marc:datafield><marc:datafield tag="500" ind1=" " ind2=" "><marc:subfield code="a">Includes index.</marc:subfield></marc:datafield><marc:datafield tag="590" ind1=" " ind2=" "><marc:subfield code="a">Folger copy: lower corner of leaf a1, damaged, affecting marks of ownership.</marc:subfield></marc:datafield><marc:datafield tag="590" ind1=" " ind2=" "><marc:subfield code="a">Larger initials rubricated in red and blue, smaller initials and paragraph marks in alternate red and blue.</marc:subfield></marc:datafield><marc:datafield tag="590" ind1=" " ind2=" "><marc:subfield code="a">Numerous manuscript notes in red ink in margins (also vertically in between columns of text), and fists.</marc:subfield></marc:datafield><marc:datafield tag="590" ind1=" " ind2=" "><marc:subfield code="a">Several inscriptions on t.p., defaced, partially illegible &quot;Nicolajs Forclot [or Sorclot?] Remẽsis me possidet munere Flauio&quot;, &quot;[P]reuost Can. Sti Max. de Bar[...?] [for Saint-Maxe in Bar-le-Duc?] 1611[?]&quot;, and &quot;De Marne&quot; Can. Sti[...?]&quot;; bookplate &quot;From the library of George Dunn of Woolley Hall near Maidenhead&quot;, his dates &quot;Oct. 1899&quot; and &quot;Nov. 99&quot;, and his initials pencilled on front flyleaf (no. 1841 in Sotheby sale catalog of his library, pt. 3, November 1917); bookplate of W.T. Smedley; purchased in 1924.</marc:subfield></marc:datafield><marc:datafield tag="590" ind1=" " ind2=" "><marc:subfield code="a">Rebound.</marc:subfield></marc:datafield><marc:datafield tag="655" ind1=" " ind2="7"><marc:subfield code="a">Annotations (Provenance)</marc:subfield><marc:subfield code="2">rbprov</marc:subfield></marc:datafield><marc:datafield tag="700" ind1="1" ind2=" "><marc:subfield code="a">Trivet, Nicholas,</marc:subfield><marc:subfield code="d">1258?-1328.</marc:subfield></marc:datafield><marc:datafield tag="700" ind1="1" ind2=" "><marc:subfield code="a">Fischer, Kilian,</marc:subfield><marc:subfield code="d">fl. 1492-1499,</marc:subfield><marc:subfield code="e">printer.</marc:subfield></marc:datafield><marc:datafield tag="752" ind1="1" ind2="0"><marc:subfield code="a">Germany</marc:subfield><marc:subfield code="d">Freiburg im Breisgau.</marc:subfield></marc:datafield><marc:datafield tag="700" ind1="1" ind2=" "><marc:subfield code="a">Forclot, Nicolaus,</marc:subfield><marc:subfield code="e">former owner.</marc:subfield></marc:datafield><marc:datafield tag="700" ind1="1" ind2=" "><marc:subfield code="a">Dunn, George,</marc:subfield><marc:subfield code="d">1864-1912,</marc:subfield><marc:subfield code="e">former owner.</marc:subfield></marc:datafield><marc:datafield tag="700" ind1="1" ind2=" "><marc:subfield code="a">Smedley, William T.</marc:subfield><marc:subfield code="q">(William Thomas),</marc:subfield><marc:subfield code="d">b. 1851,</marc:subfield><marc:subfield code="e">former owner.</marc:subfield></marc:datafield><marc:datafield tag="100" ind1="0" ind2=" "><marc:subfield code="a">Augustine,</marc:subfield><marc:subfield code="c">Saint, Bishop of Hippo.</marc:subfield></marc:datafield><marc:datafield tag="700" ind1="0" ind2=" "><marc:subfield code="a">Thomas,</marc:subfield><marc:subfield code="c">Waleys,</marc:subfield><marc:subfield code="d">ca. 1287-1350?</marc:subfield></marc:datafield><marc:datafield tag="950" ind1=" " ind2=" "><marc:subfield code="l">RARE</marc:subfield><marc:subfield code="i">02/17/94 C</marc:subfield></marc:datafield><marc:datafield tag="998" ind1=" " ind2=" "><marc:subfield code="a">02/17/94</marc:subfield><marc:subfield code="t">c</marc:subfield><marc:subfield code="s">9114</marc:subfield><marc:subfield code="n">DFo</marc:subfield><marc:subfield code="w">DCFG94B468</marc:subfield><marc:subfield code="d">02/01/94</marc:subfield><marc:subfield code="c">ML</marc:subfield><marc:subfield code="b">MT</marc:subfield><marc:subfield code="l">DCFG</marc:subfield></marc:datafield></marc:record>