
<marc:record><marc:leader>03145cam a2200433 a 4500</marc:leader>
<marc:controlfield tag="001">89372</marc:controlfield>
<marc:controlfield tag="005">20120821145241.0</marc:controlfield><marc:controlfield tag="008">931207s1490    fr            000 0 lat d</marc:controlfield><marc:datafield tag="035" ind1=" " ind2=" "><marc:subfield code="9">DCFG93-B15469</marc:subfield></marc:datafield><marc:datafield tag="040" ind1=" " ind2=" "><marc:subfield code="a">DFo</marc:subfield><marc:subfield code="c">DFo</marc:subfield><marc:subfield code="e">dcrb</marc:subfield><marc:subfield code="d">UtOrBLW</marc:subfield></marc:datafield><marc:datafield tag="090" ind1=" " ind2=" "><marc:subfield code="b">INC A782</marc:subfield><marc:subfield code="f">cs1966</marc:subfield><marc:subfield code="t">6̃50</marc:subfield><marc:subfield code="t">7̃55</marc:subfield><marc:subfield code="i">10/03/95 N</marc:subfield><marc:subfield code="h">08/25/94 N</marc:subfield><marc:subfield code="h">12/20/93 C</marc:subfield></marc:datafield><marc:datafield tag="240" ind1="1" ind2="0"><marc:subfield code="a">Summa theologica.</marc:subfield><marc:subfield code="n">Pars I</marc:subfield></marc:datafield><marc:datafield tag="245" ind1="1" ind2="0"><marc:subfield code="a">Repertoriu[m] siue inuentariu[m] totius Summe domini Anthonini Archiantistitis Flore[ntini].</marc:subfield></marc:datafield><marc:datafield tag="260" ind1=" " ind2=" "><marc:subfield code="a">In inclita Eluetio[rum] Argentina :</marc:subfield><marc:subfield code="b">Vigilanti cura ac impensis Iohannis Gruninger (al[ia]s Reynardi) ...,</marc:subfield><marc:subfield code="c">1490 Natiuitatis D[omi]nice anno. kalendaru[m] v[er]o Octobriu[m] iiij [28 Sept.] ...</marc:subfield></marc:datafield><marc:datafield tag="300" ind1=" " ind2=" "><marc:subfield code="a">[612] p. (the last [2] p. blank) ;</marc:subfield><marc:subfield code="c">32 cm. (fol.)</marc:subfield></marc:datafield><marc:datafield tag="500" ind1=" " ind2=" "><marc:subfield code="a">Title from t.p. of the tables.</marc:subfield></marc:datafield><marc:datafield tag="500" ind1=" " ind2=" "><marc:subfield code="a">Tables by Johannes Molitoris.</marc:subfield></marc:datafield><marc:datafield tag="500" ind1=" " ind2=" "><marc:subfield code="a">&quot;Prima pars summe Antonini de aĩma. de sua nobilitate. potentijs earũqz exercitijs. de separatiõe atqz sep[ar]ate anime a corp[or]e exercitatione ...&quot;--Leaf (a1r.</marc:subfield></marc:datafield><marc:datafield tag="500" ind1=" " ind2=" "><marc:subfield code="a">Imprint from colophon (leaf (2i7v), which reads: Hic prima p[ar]s Sũme Anthonini ordinis p̃dicato[rum] viri clarissimi. archipresulis florentino[rum] vigilanti cura ac impensis Iohannis gruninger (al[ia]s Reynardi) in inclita eluetio[rum] Argentina. Mccccxc. natiuitatis dñice anno. kalendarũ v[er]o octobriũ. iiij. finit q̃z feliciter.</marc:subfield></marc:datafield><marc:datafield tag="500" ind1=" " ind2=" "><marc:subfield code="a">Signatures: a⁸, b⁶, c⁸, d-e⁶, f⁸, g-o⁶, p⁸, (a⁸, (b-(d⁶, (e⁸, (f-(g⁶, (h⁸, (i-(l⁶, (m⁸, (n-(p⁶, (q⁸, (r-(t⁶, (v⁸, (x-(z⁶, (2a⁸, (2b-(2h⁶, (2i⁸ (o2 signed l2, (2d2 signed (2d).</marc:subfield></marc:datafield><marc:datafield tag="500" ind1=" " ind2=" "><marc:subfield code="a">Capital spaces, some with guide letters.</marc:subfield></marc:datafield><marc:datafield tag="500" ind1=" " ind2=" "><marc:subfield code="a">Printed in 2 columns.</marc:subfield></marc:datafield><marc:datafield tag="510" ind1="4" ind2=" "><marc:subfield code="a">Goff</marc:subfield><marc:subfield code="c">A-877.</marc:subfield></marc:datafield><marc:datafield tag="510" ind1="4" ind2=" "><marc:subfield code="a">BM 15th cent.,</marc:subfield><marc:subfield code="c">I, p. 106.</marc:subfield></marc:datafield><marc:datafield tag="510" ind1="4" ind2=" "><marc:subfield code="a">GW</marc:subfield><marc:subfield code="c">2191.</marc:subfield></marc:datafield><marc:datafield tag="590" ind1=" " ind2=" "><marc:subfield code="a">Initials rubricated in red, except for a few main ones, rubricated in blue with red penwork infill and extension and green color; capital strokes, paragraph marks and underlining in red in the text; paragraph marks provided in blue at the beginning of each paragraph.</marc:subfield></marc:datafield><marc:datafield tag="590" ind1=" " ind2=" "><marc:subfield code="a">Inscription on front pastedown &quot;Libri isti 4t. pertinent ad coũentũ d. Clara ĩ Eñ[ch...?] p[...?] eiusdem coũentus antiquo libro[rum] registro patet&quot;.</marc:subfield></marc:datafield><marc:datafield tag="590" ind1=" " ind2=" "><marc:subfield code="a">In a 15th century calf binding with a Germanic influence, blind tooled in academic style; remains of 2 clasps; vellum manuscript leaves used as pastedowns; inscription on fore edge &quot;I Anthonini sũ: i: pars&quot; reading from front to back cover; rebacked; in a tailored box.</marc:subfield></marc:datafield><marc:datafield tag="590" ind1=" " ind2=" "><marc:subfield code="a">Purchased in 1915.</marc:subfield></marc:datafield><marc:datafield tag="650" ind1=" " ind2="0"><marc:subfield code="a">Theology.</marc:subfield></marc:datafield><marc:datafield tag="655" ind1=" " ind2="7"><marc:subfield code="a">Calf bindings (Binding)</marc:subfield><marc:subfield code="y">15th century.</marc:subfield><marc:subfield code="2">rbbin</marc:subfield></marc:datafield><marc:datafield tag="655" ind1=" " ind2="7"><marc:subfield code="a">Manuscript waste (Binding)</marc:subfield><marc:subfield code="2">rbbin</marc:subfield></marc:datafield><marc:datafield tag="700" ind1="1" ind2=" "><marc:subfield code="a">Molitor, Johannes,</marc:subfield><marc:subfield code="d">15th cent.</marc:subfield></marc:datafield><marc:datafield tag="700" ind1="1" ind2=" "><marc:subfield code="a">Grüninger, Johann,</marc:subfield><marc:subfield code="d">d. 1532?,</marc:subfield><marc:subfield code="e">printer.</marc:subfield></marc:datafield><marc:datafield tag="752" ind1="1" ind2="0"><marc:subfield code="d">Strasbourg.</marc:subfield></marc:datafield><marc:datafield tag="100" ind1="0" ind2=" "><marc:subfield code="a">Antoninus,</marc:subfield><marc:subfield code="c">Saint, Archbishop of Florence,</marc:subfield><marc:subfield code="d">1389-1459.</marc:subfield></marc:datafield><marc:datafield tag="856" ind1="4" ind2="1"><marc:subfield code="u">http://luna.folger.edu/luna/servlet/s/2dvtra</marc:subfield><marc:subfield code="z">Binding images and description for Folger Shakespeare Library INC A782</marc:subfield></marc:datafield><marc:datafield tag="950" ind1=" " ind2=" "><marc:subfield code="l">RARE</marc:subfield><marc:subfield code="h">12/20/93 C</marc:subfield></marc:datafield><marc:datafield tag="998" ind1=" " ind2=" "><marc:subfield code="a">10/03/95</marc:subfield><marc:subfield code="t">c</marc:subfield><marc:subfield code="s">9114</marc:subfield><marc:subfield code="n">DFo</marc:subfield><marc:subfield code="w">DCFG93B15469</marc:subfield><marc:subfield code="d">12/07/93</marc:subfield><marc:subfield code="c">ML</marc:subfield><marc:subfield code="b">MT</marc:subfield><marc:subfield code="l">DCFG</marc:subfield></marc:datafield></marc:record>