
<marc:record><marc:leader>02256cam a2200493 a 4500</marc:leader>
<marc:controlfield tag="001">89994</marc:controlfield>
<marc:controlfield tag="005">20110119170016.0</marc:controlfield><marc:controlfield tag="008">940909s1499    it            000 0 lat d</marc:controlfield><marc:datafield tag="035" ind1=" " ind2=" "><marc:subfield code="9">DCFG94-B2971</marc:subfield></marc:datafield><marc:datafield tag="040" ind1=" " ind2=" "><marc:subfield code="a">MdBJ</marc:subfield><marc:subfield code="c">MdBJ</marc:subfield><marc:subfield code="d">DFo</marc:subfield><marc:subfield code="e">dcrb</marc:subfield><marc:subfield code="d">UtOrBLW</marc:subfield></marc:datafield><marc:datafield tag="041" ind1="1" ind2=" "><marc:subfield code="a">lat</marc:subfield><marc:subfield code="h">grc</marc:subfield></marc:datafield><marc:datafield tag="090" ind1=" " ind2=" "><marc:subfield code="b">INC D147</marc:subfield><marc:subfield code="n">:700-2 FOR OTHER EDITIONS, SEE MAIN ENTRY.</marc:subfield><marc:subfield code="t">6̃51</marc:subfield><marc:subfield code="t">7̃40</marc:subfield><marc:subfield code="i">10/07/94 X</marc:subfield><marc:subfield code="h">09/16/94 C</marc:subfield></marc:datafield><marc:datafield tag="240" ind1="1" ind2="0"><marc:subfield code="a">Ephemerides belli Trojani.</marc:subfield><marc:subfield code="l">Latin</marc:subfield></marc:datafield><marc:datafield tag="245" ind1="1" ind2="0"><marc:subfield code="a">Iesus Maria, Dictys Cretensis De historia belli Troiani. Et Darses Priscus De eadem Troiana.</marc:subfield></marc:datafield><marc:datafield tag="246" ind1="3" ind2="3"><marc:subfield code="a">Historia Troiana</marc:subfield></marc:datafield><marc:datafield tag="246" ind1="3" ind2="3"><marc:subfield code="a">De historia belli Troiani</marc:subfield></marc:datafield><marc:datafield tag="246" ind1="3" ind2="3"><marc:subfield code="a">Dictys Cretensis De historia belli Troiani</marc:subfield></marc:datafield><marc:datafield tag="246" ind1="3" ind2="3"><marc:subfield code="a">Iesvs Maria, Dictys Cretensis De historia belli Troiani</marc:subfield></marc:datafield><marc:datafield tag="246" ind1="3" ind2="3"><marc:subfield code="a">De bello Troiano historia</marc:subfield></marc:datafield><marc:datafield tag="246" ind1="3" ind2="3"><marc:subfield code="a">De eadem Troiana</marc:subfield></marc:datafield><marc:datafield tag="260" ind1=" " ind2=" "><marc:subfield code="a">In inclyta urbe Venetiarum cum eximia diligentia impressa :</marc:subfield><marc:subfield code="b">Per Cristoferum Mandellum de Pensis,</marc:subfield><marc:subfield code="c">Kalendis Martii [1 March] 1499.</marc:subfield></marc:datafield><marc:datafield tag="300" ind1=" " ind2=" "><marc:subfield code="a">[148] p. ;</marc:subfield><marc:subfield code="c">22 cm. (4to)</marc:subfield></marc:datafield><marc:datafield tag="500" ind1=" " ind2=" "><marc:subfield code="a">Edited by Franciscus Faragonius.</marc:subfield></marc:datafield><marc:datafield tag="500" ind1=" " ind2=" "><marc:subfield code="a">Imprint from colophon (leaf i10r); date at end of 1st work (leaf g8v): Kal. Februariis [1 Feb.] 1499.</marc:subfield></marc:datafield><marc:datafield tag="500" ind1=" " ind2=" "><marc:subfield code="a">Signatures: a-h⁸, i¹⁰.</marc:subfield></marc:datafield><marc:datafield tag="500" ind1=" " ind2=" "><marc:subfield code="a">Capital spaces with guide letters.</marc:subfield></marc:datafield><marc:datafield tag="500" ind1=" " ind2=" "><marc:subfield code="a">Includes register.</marc:subfield></marc:datafield><marc:datafield tag="510" ind1="4" ind2=" "><marc:subfield code="a">Goff</marc:subfield><marc:subfield code="c">D-187.</marc:subfield></marc:datafield><marc:datafield tag="510" ind1="4" ind2=" "><marc:subfield code="a">BM 15th cent.,</marc:subfield><marc:subfield code="c">V, p. 472 (IA.23507).</marc:subfield></marc:datafield><marc:datafield tag="510" ind1="4" ind2=" "><marc:subfield code="a">GW</marc:subfield><marc:subfield code="c">8328.</marc:subfield></marc:datafield><marc:datafield tag="590" ind1=" " ind2=" "><marc:subfield code="a">Folger copy: ownership inscription on t.p.: &quot;Thomas L'Estrange Esq from William Pinkerton F.S.A&quot; and a pencilled note &quot;Given R M Young with B[...?] Bible 9th May 1903&quot;.</marc:subfield></marc:datafield><marc:datafield tag="590" ind1=" " ind2=" "><marc:subfield code="a">Repaired and resewn; in a phased box.-</marc:subfield></marc:datafield><marc:datafield tag="590" ind1=" " ind2=" "><marc:subfield code="a">Purchased in 1923 according to Mrs. Folger's files.</marc:subfield></marc:datafield><marc:datafield tag="651" ind1=" " ind2="0"><marc:subfield code="a">Troy (Extinct city)</marc:subfield></marc:datafield><marc:datafield tag="700" ind1="1" ind2=" "><marc:subfield code="a">Faragonius, Franciscus.</marc:subfield></marc:datafield><marc:datafield tag="700" ind1="1" ind2=" "><marc:subfield code="a">L'Estrange, Thomas,</marc:subfield><marc:subfield code="d">fl. 1867,</marc:subfield><marc:subfield code="e">former owner.</marc:subfield></marc:datafield><marc:datafield tag="700" ind1="1" ind2=" "><marc:subfield code="a">Pinkerton, William,</marc:subfield><marc:subfield code="d">1809-1871,</marc:subfield><marc:subfield code="e">former owner.</marc:subfield></marc:datafield><marc:datafield tag="700" ind1="1" ind2=" "><marc:subfield code="a">Young, Robert M.</marc:subfield><marc:subfield code="q">(Robert Magill),</marc:subfield><marc:subfield code="d">1851-1925,</marc:subfield><marc:subfield code="e">former owner.</marc:subfield></marc:datafield><marc:datafield tag="700" ind1="1" ind2=" "><marc:subfield code="a">Pensis, Christophorus de,</marc:subfield><marc:subfield code="d">fl. 1487-1503,</marc:subfield><marc:subfield code="e">printer.</marc:subfield></marc:datafield><marc:datafield tag="752" ind1="1" ind2="0"><marc:subfield code="d">Venice.</marc:subfield></marc:datafield><marc:datafield tag="100" ind1="0" ind2=" "><marc:subfield code="a">Dictys,</marc:subfield><marc:subfield code="c">Cretensis.</marc:subfield></marc:datafield><marc:datafield tag="700" ind1="0" ind2="2"><marc:subfield code="a">Dares,</marc:subfield><marc:subfield code="c">Phrygius.</marc:subfield><marc:subfield code="t">Fall of Troy.</marc:subfield><marc:subfield code="l">Latin.</marc:subfield><marc:subfield code="f">1499.</marc:subfield></marc:datafield><marc:datafield tag="950" ind1=" " ind2=" "><marc:subfield code="l">RARE</marc:subfield><marc:subfield code="h">09/16/94 C</marc:subfield></marc:datafield><marc:datafield tag="998" ind1=" " ind2=" "><marc:subfield code="a">10/07/94</marc:subfield><marc:subfield code="t">c</marc:subfield><marc:subfield code="s">9114</marc:subfield><marc:subfield code="n">DFo</marc:subfield><marc:subfield code="w">DCFG94B2971</marc:subfield><marc:subfield code="d">09/09/94</marc:subfield><marc:subfield code="c">ML</marc:subfield><marc:subfield code="b">MT</marc:subfield><marc:subfield code="l">DCFG</marc:subfield></marc:datafield></marc:record>