
<marc:record><marc:leader>02974cam a2200517 a 4500</marc:leader>
<marc:controlfield tag="001">78369</marc:controlfield>
<marc:controlfield tag="005">20120319112530.0</marc:controlfield><marc:controlfield tag="008">910405s1474    it            000 0 lat d</marc:controlfield><marc:datafield tag="035" ind1=" " ind2=" "><marc:subfield code="9">DCFG91-B654</marc:subfield></marc:datafield><marc:datafield tag="035" ind1=" " ind2=" "><marc:subfield code="a">78369</marc:subfield></marc:datafield><marc:datafield tag="040" ind1=" " ind2=" "><marc:subfield code="a">DFo</marc:subfield><marc:subfield code="c">DFo</marc:subfield><marc:subfield code="e">bdrb</marc:subfield><marc:subfield code="d">UtOrBLW</marc:subfield></marc:datafield><marc:datafield tag="090" ind1=" " ind2=" "><marc:subfield code="b">INC A1093</marc:subfield><marc:subfield code="f">222762</marc:subfield><marc:subfield code="t">6̃50</marc:subfield><marc:subfield code="t">7̃40</marc:subfield><marc:subfield code="i">08/26/94 X</marc:subfield><marc:subfield code="h">05/31/94 N</marc:subfield><marc:subfield code="h">02/25/94 N</marc:subfield><marc:subfield code="h">01/25/94 X</marc:subfield><marc:subfield code="h">01/24/94 N</marc:subfield><marc:subfield code="h">04/17/91 C  10:ME</marc:subfield></marc:datafield><marc:datafield tag="240" ind1="1" ind2="0"><marc:subfield code="a">De civitate Dei</marc:subfield></marc:datafield><marc:datafield tag="245" ind1="1" ind2="0"><marc:subfield code="a">Aurelii Augustini Hipponen[sis] Episcopi De ciuitate Dei primi libri incipiunt rubrice.</marc:subfield></marc:datafield><marc:datafield tag="246" ind1="3" ind2="3"><marc:subfield code="a">De ciuitate Dei</marc:subfield></marc:datafield><marc:datafield tag="260" ind1=" " ind2=" "><marc:subfield code="a">In urbe Roma ... :</marc:subfield><marc:subfield code="b">Per Vdalricum Gallum Almanu[m] &amp; Symone[m] Nicolai de Luca,</marc:subfield><marc:subfield code="c">1474, die uero IIII. mensis Februarii.</marc:subfield></marc:datafield><marc:datafield tag="300" ind1=" " ind2=" "><marc:subfield code="a">[528] p. ;</marc:subfield><marc:subfield code="c">41 cm. (fol.)</marc:subfield></marc:datafield><marc:datafield tag="500" ind1=" " ind2=" "><marc:subfield code="a">Title from leaf [a]2r.</marc:subfield></marc:datafield><marc:datafield tag="500" ind1=" " ind2=" "><marc:subfield code="a">Imprint from colophon, which reads: Presens Aurelii Augustini Hipponeñ. Epi. de Ciuitate dei precla[rum] opus: Alma in urbe Roma totius mundi regina ...</marc:subfield></marc:datafield><marc:datafield tag="500" ind1=" " ind2=" "><marc:subfield code="a">Signatures: [a⁸, b⁶, c-d¹⁰, e-f⁸, g-z¹⁰, A-C¹⁰, D⁸, E⁶] ([a]1 and [c]1 blank).</marc:subfield></marc:datafield><marc:datafield tag="500" ind1=" " ind2=" "><marc:subfield code="a">Capital spaces.</marc:subfield></marc:datafield><marc:datafield tag="500" ind1=" " ind2=" "><marc:subfield code="a">Includes register.</marc:subfield></marc:datafield><marc:datafield tag="510" ind1="4" ind2=" "><marc:subfield code="a">Hain</marc:subfield><marc:subfield code="c">2050.</marc:subfield></marc:datafield><marc:datafield tag="510" ind1="4" ind2=" "><marc:subfield code="a">GW</marc:subfield><marc:subfield code="c">2878.</marc:subfield></marc:datafield><marc:datafield tag="510" ind1="4" ind2=" "><marc:subfield code="a">BM 15th cent.,</marc:subfield><marc:subfield code="c">IV, p. 24 (IC. 17299).</marc:subfield></marc:datafield><marc:datafield tag="510" ind1="4" ind2=" "><marc:subfield code="a">Goff</marc:subfield><marc:subfield code="c">A-1234.</marc:subfield></marc:datafield><marc:datafield tag="585" ind1=" " ind2=" "><marc:subfield code="a">Washington, D.C., Folger Shakespeare Library, 1990-1991. Five Years of Acquisitions (p. 6)</marc:subfield><marc:subfield code="5">DFo</marc:subfield></marc:datafield><marc:datafield tag="590" ind1=" " ind2=" "><marc:subfield code="a">Folger copy: leaf [a]1, blank, lacking.</marc:subfield></marc:datafield><marc:datafield tag="590" ind1=" " ind2=" "><marc:subfield code="a">Extensive early manuscript notes, in several hands, fists, underlining, brackets (many figurative) and drawings in brown ink; some notes and underlining in purple ink; manuscript verse on leaf [E]5v.</marc:subfield></marc:datafield><marc:datafield tag="590" ind1=" " ind2=" "><marc:subfield code="a">Arms of the Torelli family painted on leaves [a]2r and [c]2r; inscriptions at end of the book &quot;Fratris Sabb[a]e de Castiliono Mediolan. Militis Hierosolym̃. ac Preceptoris Mansionis Fauenti[a]e: Anno Dni. M.D.XXiiii: Die 2. Augusti&quot;, and &quot;Ego, Fr̃ Sabbas emi Bononi[a]e, volumen hoc. Diui. Aug̃. Anno. Dnĩ. M.D.X. die .X. Iañ: cum. ibi esset, Iul. ii. Pont. Max cum Rom. Curia&quot;; bookplate &quot;Ex libris Jacobi Manzoni&quot; (no. 3457 in pt. 2 of the Sangiorgi sale catalog of his library, May-June 1893).</marc:subfield></marc:datafield><marc:datafield tag="590" ind1=" " ind2=" "><marc:subfield code="a">A gift of Mrs. H. Dunscombe Colt--5 January 1989.</marc:subfield></marc:datafield><marc:datafield tag="590" ind1=" " ind2=" "><marc:subfield code="a">Repaired; in a tailored box.</marc:subfield></marc:datafield><marc:datafield tag="650" ind1=" " ind2="0"><marc:subfield code="a">Kingdom of God</marc:subfield><marc:subfield code="v">Early works to 1800.</marc:subfield></marc:datafield><marc:datafield tag="650" ind1=" " ind2="0"><marc:subfield code="a">Apologetics</marc:subfield><marc:subfield code="x">History</marc:subfield><marc:subfield code="y">Early church, ca. 30-600.</marc:subfield></marc:datafield><marc:datafield tag="655" ind1=" " ind2="7"><marc:subfield code="a">Annotations (Provenance)</marc:subfield><marc:subfield code="2">rbprov</marc:subfield></marc:datafield><marc:datafield tag="700" ind1="1" ind2=" "><marc:subfield code="a">Castiglione, Sabba da,</marc:subfield><marc:subfield code="d">1480-1554,</marc:subfield><marc:subfield code="e">former owner.</marc:subfield></marc:datafield><marc:datafield tag="700" ind1="1" ind2=" "><marc:subfield code="a">Manzoni, Giacomo,</marc:subfield><marc:subfield code="d">1816-1889,</marc:subfield><marc:subfield code="e">former owner.</marc:subfield></marc:datafield><marc:datafield tag="700" ind1="1" ind2=" "><marc:subfield code="a">Colt, Armida Maria-Theresa,</marc:subfield><marc:subfield code="e">former owner.</marc:subfield><marc:subfield code="5">DFo</marc:subfield></marc:datafield><marc:datafield tag="700" ind1="1" ind2=" "><marc:subfield code="a">Torelli family,</marc:subfield><marc:subfield code="e">former owner.</marc:subfield></marc:datafield><marc:datafield tag="700" ind1="1" ind2=" "><marc:subfield code="a">Han, Ulrich,</marc:subfield><marc:subfield code="d">fl. 1467-1478,</marc:subfield><marc:subfield code="e">printer.</marc:subfield></marc:datafield><marc:datafield tag="700" ind1="1" ind2=" "><marc:subfield code="a">Cardella, Simone,</marc:subfield><marc:subfield code="d">fl. 1471-1479,</marc:subfield><marc:subfield code="e">printer.</marc:subfield></marc:datafield><marc:datafield tag="752" ind1=" " ind2=" "><marc:subfield code="a">Italy</marc:subfield><marc:subfield code="d">Rome.</marc:subfield></marc:datafield><marc:datafield tag="100" ind1="0" ind2=" "><marc:subfield code="a">Augustine,</marc:subfield><marc:subfield code="c">Saint, Bishop of Hippo.</marc:subfield></marc:datafield><marc:datafield tag="852" ind1=" " ind2=" "><marc:subfield code="x">rev. JAL 201203</marc:subfield></marc:datafield><marc:datafield tag="950" ind1=" " ind2=" "><marc:subfield code="l">RARE</marc:subfield><marc:subfield code="h">04/17/91 C</marc:subfield></marc:datafield><marc:datafield tag="998" ind1=" " ind2=" "><marc:subfield code="a">08/26/94</marc:subfield><marc:subfield code="t">c</marc:subfield><marc:subfield code="s">9116</marc:subfield><marc:subfield code="n">DFo</marc:subfield><marc:subfield code="w">DCFG91B654</marc:subfield><marc:subfield code="d">04/05/91</marc:subfield><marc:subfield code="c">ML</marc:subfield><marc:subfield code="b">MT</marc:subfield><marc:subfield code="l">DCFG</marc:subfield></marc:datafield></marc:record>