
<marc:record><marc:leader>02585cam a2200421 a 4500</marc:leader>
<marc:controlfield tag="001">90187</marc:controlfield>
<marc:controlfield tag="005">20110119170021.0</marc:controlfield><marc:controlfield tag="008">950110s1496    it            000 0 lat d</marc:controlfield><marc:datafield tag="035" ind1=" " ind2=" "><marc:subfield code="9">DCFG95-B117</marc:subfield></marc:datafield><marc:datafield tag="040" ind1=" " ind2=" "><marc:subfield code="a">DFo</marc:subfield><marc:subfield code="c">DFo</marc:subfield><marc:subfield code="e">dcrb</marc:subfield><marc:subfield code="d">UtOrBLW</marc:subfield></marc:datafield><marc:datafield tag="090" ind1=" " ind2=" "><marc:subfield code="b">INC H162</marc:subfield><marc:subfield code="t">6̃50</marc:subfield><marc:subfield code="t">7̃40</marc:subfield><marc:subfield code="t">7̃96-1</marc:subfield><marc:subfield code="i">05/15/95 N</marc:subfield><marc:subfield code="h">01/27/95 N</marc:subfield><marc:subfield code="h">01/20/95 C</marc:subfield></marc:datafield><marc:datafield tag="240" ind1="0" ind2="0"><marc:subfield code="a">Correspondence</marc:subfield></marc:datafield><marc:datafield tag="245" ind1="1" ind2="0"><marc:subfield code="a">Epistolae Sancti Hieronymi.</marc:subfield></marc:datafield><marc:datafield tag="260" ind1=" " ind2=" "><marc:subfield code="a">In urbe Venetiarum diligenter ... impressum est :</marc:subfield><marc:subfield code="b">Per Ioannem Rubeum Vercellensem,</marc:subfield><marc:subfield code="c">anno Domini 1496 die xii. Iulii.</marc:subfield></marc:datafield><marc:datafield tag="300" ind1=" " ind2=" "><marc:subfield code="a">[6], xxiiii, 25-390 [i.e. 392] leaves ;</marc:subfield><marc:subfield code="c">32 cm. (fol.)</marc:subfield></marc:datafield><marc:datafield tag="500" ind1=" " ind2=" "><marc:subfield code="a">Includes the &quot;Regula monachorum ex Epistolis Hieronymi excerpta&quot; (here attributed to Lupus de Oliveto, or Olmeto), which is elsewhere found as an anonymous work entitled &quot;Aureola ex floribus S. Hieronymi contexta&quot;. Cf. Lambert, B. Bibliotheca Hieronymia manuscripta, IIIb, Steenbrugis, 1970, no. 552.</marc:subfield></marc:datafield><marc:datafield tag="500" ind1=" " ind2=" "><marc:subfield code="a">Imprint from colophon at end of pt. 2 (leaf 2D6v); colophon at end of pt. 1 (leaf x4v) reads: ... Die. vii. Ianuarii.</marc:subfield></marc:datafield><marc:datafield tag="500" ind1=" " ind2=" "><marc:subfield code="a">Signatures: (2-3)⁶, a-v⁸, x⁴, A-2C⁸, 2D⁶, 2E⁸, 2F⁶ (e4 signed d4).</marc:subfield></marc:datafield><marc:datafield tag="500" ind1=" " ind2=" "><marc:subfield code="a">Many errors in numbering of leaves.</marc:subfield></marc:datafield><marc:datafield tag="500" ind1=" " ind2=" "><marc:subfield code="a">Capital spaces, some with guide letters, and a woodcut capital.</marc:subfield></marc:datafield><marc:datafield tag="510" ind1="4" ind2=" "><marc:subfield code="a">Goff</marc:subfield><marc:subfield code="c">H-175.</marc:subfield></marc:datafield><marc:datafield tag="510" ind1="4" ind2=" "><marc:subfield code="a">BM 15th cent.,</marc:subfield><marc:subfield code="c">V, p. 419 (IB.23178).</marc:subfield></marc:datafield><marc:datafield tag="510" ind1="4" ind2=" "><marc:subfield code="a">Hain-Copinger,</marc:subfield><marc:subfield code="c">8563*.</marc:subfield></marc:datafield><marc:datafield tag="590" ind1=" " ind2=" "><marc:subfield code="a">Folger copy: lacks 1st gathering (description from BM 15th cent.); edges trimmed, affecting manuscript notes.</marc:subfield></marc:datafield><marc:datafield tag="590" ind1=" " ind2=" "><marc:subfield code="a">Manuscript finding notes in brown ink in different hands; a few fists and brackets.</marc:subfield></marc:datafield><marc:datafield tag="590" ind1=" " ind2=" "><marc:subfield code="a">Bookplate of W.T. Smedley; purchased in 1924.</marc:subfield></marc:datafield><marc:datafield tag="590" ind1=" " ind2=" "><marc:subfield code="a">In a later binding, with a deteriorating suede cover bearing inscriptions on spine, partially illegible: &quot;[Ru]ffinus Expositio Symboli&quot; and &quot;Ve[ni]ce [...?] 149[6?]&quot;; inscription on lower edge, reading from spine to fore-edge: &quot;Eple S. Hier[onim]i&quot;; repaired; rebound.</marc:subfield></marc:datafield><marc:datafield tag="650" ind1=" " ind2="0"><marc:subfield code="a">Theology</marc:subfield><marc:subfield code="x">History</marc:subfield><marc:subfield code="y">Early church, ca. 30-600.</marc:subfield></marc:datafield><marc:datafield tag="655" ind1=" " ind2="7"><marc:subfield code="a">Annotations (Provenance)</marc:subfield><marc:subfield code="2">rbprov</marc:subfield></marc:datafield><marc:datafield tag="740" ind1="0" ind2=" "><marc:subfield code="a">Regula monachorum ex Epistolis Hieronymi excerpta.</marc:subfield></marc:datafield><marc:datafield tag="740" ind1="0" ind2=" "><marc:subfield code="a">Aureola ex floribus S. Hieronymi contexta.</marc:subfield></marc:datafield><marc:datafield tag="700" ind1="1" ind2=" "><marc:subfield code="a">Smedley, William T.</marc:subfield><marc:subfield code="q">(William Thomas),</marc:subfield><marc:subfield code="d">b. 1851,</marc:subfield><marc:subfield code="e">former owner.</marc:subfield></marc:datafield><marc:datafield tag="700" ind1="1" ind2=" "><marc:subfield code="a">Rosso, Giovanni,</marc:subfield><marc:subfield code="d">fl. 1480-1519,</marc:subfield><marc:subfield code="e">printer.</marc:subfield></marc:datafield><marc:datafield tag="752" ind1="1" ind2="0"><marc:subfield code="d">Venice.</marc:subfield></marc:datafield><marc:datafield tag="100" ind1="0" ind2=" "><marc:subfield code="a">Jerome,</marc:subfield><marc:subfield code="c">Saint,</marc:subfield><marc:subfield code="d">d. 419 or 20.</marc:subfield></marc:datafield><marc:datafield tag="700" ind1="0" ind2="2"><marc:subfield code="a">Jerome,</marc:subfield><marc:subfield code="c">Saint,</marc:subfield><marc:subfield code="d">d. 419 or 20.</marc:subfield><marc:subfield code="t">Aureola ex floribus S. Hieronymi contexta.</marc:subfield><marc:subfield code="f">1496.</marc:subfield></marc:datafield><marc:datafield tag="950" ind1=" " ind2=" "><marc:subfield code="l">RARE</marc:subfield><marc:subfield code="h">01/20/95 C</marc:subfield></marc:datafield><marc:datafield tag="998" ind1=" " ind2=" "><marc:subfield code="a">05/15/95</marc:subfield><marc:subfield code="t">c</marc:subfield><marc:subfield code="s">9114</marc:subfield><marc:subfield code="n">DFo</marc:subfield><marc:subfield code="w">DCFG95B117</marc:subfield><marc:subfield code="d">01/10/95</marc:subfield><marc:subfield code="c">ML</marc:subfield><marc:subfield code="b">MT</marc:subfield><marc:subfield code="l">DCFG</marc:subfield></marc:datafield></marc:record>