
<marc:record><marc:leader>02781cam a2200469 a 4500</marc:leader>
<marc:controlfield tag="001">89868</marc:controlfield>
<marc:controlfield tag="005">20120822095714.0</marc:controlfield><marc:controlfield tag="008">940602s1497    sz a          000 0 lat d</marc:controlfield><marc:datafield tag="035" ind1=" " ind2=" "><marc:subfield code="9">DCFG94-B2350</marc:subfield></marc:datafield><marc:datafield tag="035" ind1=" " ind2=" "><marc:subfield code="a">89868</marc:subfield></marc:datafield><marc:datafield tag="040" ind1=" " ind2=" "><marc:subfield code="a">rpjcb</marc:subfield><marc:subfield code="c">rpjcb</marc:subfield><marc:subfield code="d">DFo</marc:subfield><marc:subfield code="e">dcrb</marc:subfield><marc:subfield code="d">UtOrBLW</marc:subfield></marc:datafield><marc:datafield tag="041" ind1="1" ind2=" "><marc:subfield code="a">lat</marc:subfield><marc:subfield code="h">ger</marc:subfield></marc:datafield><marc:datafield tag="090" ind1=" " ind2=" "><marc:subfield code="b">INC B969</marc:subfield><marc:subfield code="f">185751</marc:subfield><marc:subfield code="t">6̃90-2</marc:subfield><marc:subfield code="t">7̃00-1</marc:subfield><marc:subfield code="t">7̃00-2</marc:subfield><marc:subfield code="t">7̃40</marc:subfield><marc:subfield code="i">06/14/94 C</marc:subfield></marc:datafield><marc:datafield tag="100" ind1="1" ind2=" "><marc:subfield code="a">Brant, Sebastian,</marc:subfield><marc:subfield code="d">1458-1521.</marc:subfield></marc:datafield><marc:datafield tag="240" ind1="1" ind2="0"><marc:subfield code="a">Narrenschiff.</marc:subfield><marc:subfield code="l">Latin</marc:subfield></marc:datafield><marc:datafield tag="245" ind1="1" ind2="0"><marc:subfield code="a">Stultifera nauis :</marc:subfield><marc:subfield code="b">Narragonice p[er]fectionis nunq[uam] satis laudata nauis /</marc:subfield><marc:subfield code="c">per Sebastianu[m] Brant ; vernaculo vulgariq[ue] sermone &amp; rhythmo ... per Iacobum Locher, cognome[n]to Philomusum, Su[a]euu[m] in Latinu[m] traducta eloquiu[m] &amp; per Sebastianu[m] Brant denuo seduloq[ue] reuisa ...</marc:subfield></marc:datafield><marc:datafield tag="246" ind1="3" ind2="3"><marc:subfield code="a">Stultifera navis</marc:subfield></marc:datafield><marc:datafield tag="260" ind1=" " ind2=" "><marc:subfield code="a">In ... vrbe Basiliensi :</marc:subfield><marc:subfield code="b">Io. de Olpe,</marc:subfield><marc:subfield code="c">1497.</marc:subfield></marc:datafield><marc:datafield tag="300" ind1=" " ind2=" "><marc:subfield code="a">CLIX, [1] leaves :</marc:subfield><marc:subfield code="b">ill. (woodcuts) ;</marc:subfield><marc:subfield code="c">23 cm. (4to)</marc:subfield></marc:datafield><marc:datafield tag="500" ind1=" " ind2=" "><marc:subfield code="a">Translation of: Das Narrenschiff, 1st published 1494. Latin translation 1st published Basel, 1 Mar. 1497.</marc:subfield></marc:datafield><marc:datafield tag="500" ind1=" " ind2=" "><marc:subfield code="a">Additions by Thomas Beccadelli.</marc:subfield></marc:datafield><marc:datafield tag="500" ind1=" " ind2=" "><marc:subfield code="a">Place of publication from colophon (leaf x4v), which gives date as: Anno salutis nr̃e .M.CCCCXCVII. K[a]l[endis]. Augusti [1 Aug.]</marc:subfield></marc:datafield><marc:datafield tag="500" ind1=" " ind2=" "><marc:subfield code="a">Signatures: a-s⁸, t-y⁴.</marc:subfield></marc:datafield><marc:datafield tag="500" ind1=" " ind2=" "><marc:subfield code="a">Includes 117 woodcuts (of which 5 are repetitions) used in the Bergmann ed. of 1494, attributed (at least partially) to Albrecht Dürer. Cf. Hollstein's German engravings, etchings and woodcuts, 1400-1700, VII, Dürer books-illustrations, 12.</marc:subfield></marc:datafield><marc:datafield tag="500" ind1=" " ind2=" "><marc:subfield code="a">Last leaf is blank.</marc:subfield></marc:datafield><marc:datafield tag="510" ind1="4" ind2=" "><marc:subfield code="a">Goff</marc:subfield><marc:subfield code="c">B-1090.</marc:subfield></marc:datafield><marc:datafield tag="510" ind1="4" ind2=" "><marc:subfield code="a">GW</marc:subfield><marc:subfield code="c">5061.</marc:subfield></marc:datafield><marc:datafield tag="510" ind1="4" ind2=" "><marc:subfield code="a">Hain-Copinger,</marc:subfield><marc:subfield code="c">3750*.</marc:subfield></marc:datafield><marc:datafield tag="590" ind1=" " ind2=" "><marc:subfield code="a">Folger copy: last leaf, blank, lacking; large tears in leaves 35, 55 and 89, repaired with slight loss of text; top of leaf a1, torn with loss of text, has been repaired and text has been provided by hand.</marc:subfield></marc:datafield><marc:datafield tag="590" ind1=" " ind2=" "><marc:subfield code="a">Extensive early manuscript notes (a few in the woodcuts), possibly including a mark of ownership, in brown ink, many of them illegible from the washing of the leaves; some handcoloring in red ink in a few woodcuts, as well as underlining in red ink of text on leaf o3r.</marc:subfield></marc:datafield><marc:datafield tag="590" ind1=" " ind2=" "><marc:subfield code="a">Repaired.</marc:subfield></marc:datafield><marc:datafield tag="590" ind1=" " ind2=" "><marc:subfield code="a">Purchased in 1962.</marc:subfield></marc:datafield><marc:datafield tag="655" ind1=" " ind2="7"><marc:subfield code="a">Annotations (Provenance)</marc:subfield><marc:subfield code="2">rbprov</marc:subfield></marc:datafield><marc:datafield tag="655" ind1=" " ind2="7"><marc:subfield code="a">Illustrated works</marc:subfield><marc:subfield code="y">15th and 16th centuries.</marc:subfield><marc:subfield code="2">rbgenr</marc:subfield></marc:datafield><marc:datafield tag="700" ind1="1" ind2=" "><marc:subfield code="a">Dürer, Albrecht,</marc:subfield><marc:subfield code="d">1471-1528.</marc:subfield></marc:datafield><marc:datafield tag="700" ind1="1" ind2=" "><marc:subfield code="a">Locher, Jacob,</marc:subfield><marc:subfield code="d">1471-1528.</marc:subfield></marc:datafield><marc:datafield tag="700" ind1="1" ind2=" "><marc:subfield code="a">Beccadelli, Thomas.</marc:subfield></marc:datafield><marc:datafield tag="700" ind1="1" ind2=" "><marc:subfield code="a">Bergmann, Johann,</marc:subfield><marc:subfield code="d">fl. 1494-1499,</marc:subfield><marc:subfield code="e">printer.</marc:subfield></marc:datafield><marc:datafield tag="752" ind1="1" ind2="0"><marc:subfield code="d">Basel.</marc:subfield></marc:datafield><marc:datafield tag="856" ind1="4" ind2="1"><marc:subfield code="u">http://luna.folger.edu/luna/servlet/s/16o92i</marc:subfield><marc:subfield code="z">Binding images and description for Folger Shakespeare Library INC B969</marc:subfield></marc:datafield><marc:datafield tag="950" ind1=" " ind2=" "><marc:subfield code="l">RARE</marc:subfield><marc:subfield code="i">06/14/94 C</marc:subfield></marc:datafield><marc:datafield tag="998" ind1=" " ind2=" "><marc:subfield code="a">06/14/94</marc:subfield><marc:subfield code="t">c</marc:subfield><marc:subfield code="s">9114</marc:subfield><marc:subfield code="n">DFo</marc:subfield><marc:subfield code="w">RIBR24909360B</marc:subfield><marc:subfield code="d">06/02/94</marc:subfield><marc:subfield code="c">ML</marc:subfield><marc:subfield code="b">MT</marc:subfield><marc:subfield code="l">DCFG</marc:subfield></marc:datafield></marc:record>