
<marc:record><marc:leader>03167cam a2200493 a 4500</marc:leader>
<marc:controlfield tag="001">89175</marc:controlfield>
<marc:controlfield tag="005">20120821143313.0</marc:controlfield><marc:controlfield tag="008">931019s1488    it            000 0 lat d</marc:controlfield><marc:datafield tag="035" ind1=" " ind2=" "><marc:subfield code="9">DCFG93-B14681</marc:subfield></marc:datafield><marc:datafield tag="040" ind1=" " ind2=" "><marc:subfield code="a">DFo</marc:subfield><marc:subfield code="c">DFo</marc:subfield><marc:subfield code="e">dcrb</marc:subfield><marc:subfield code="d">UtOrBLW</marc:subfield></marc:datafield><marc:datafield tag="090" ind1=" " ind2=" "><marc:subfield code="b">INC A247</marc:subfield><marc:subfield code="f">cs2023</marc:subfield><marc:subfield code="t">6̃00</marc:subfield><marc:subfield code="t">6̃30</marc:subfield><marc:subfield code="t">7̃40</marc:subfield><marc:subfield code="t">7̃55</marc:subfield><marc:subfield code="i">11/03/93 C</marc:subfield></marc:datafield><marc:datafield tag="240" ind1="1" ind2="0"><marc:subfield code="a">Mariale</marc:subfield></marc:datafield><marc:datafield tag="245" ind1="1" ind2="0"><marc:subfield code="a">Excellentissimi [et] sanctissimi viri Domini Alberti Magni Ep[iscop]i Ratisponensis ordinis Predicatorum, In Euangelium Missus est Gabriel Angelus, aureum [et] deuotissimum opus feliciter incipit.</marc:subfield></marc:datafield><marc:datafield tag="246" ind1="3" ind2="3"><marc:subfield code="a">In Euangelium Missus est Gabriel Angelus, aureum [et] deuotissimum opus feliciter incipit</marc:subfield></marc:datafield><marc:datafield tag="246" ind1="3" ind2="3"><marc:subfield code="a">In Evangelium Missus est Gabriel Angelus, aureum [et] devotissimum opus feliciter incipit</marc:subfield></marc:datafield><marc:datafield tag="260" ind1=" " ind2=" "><marc:subfield code="a">Mediolani :</marc:subfield><marc:subfield code="b">Aloysius vero de Serazonibus sua opera &amp; impensa imprimi curauit ... ab Uldericho Scinze[n]zeler Teuto[n]ico,</marc:subfield><marc:subfield code="c">anno Domini, 1488, Die 17. Aprilis.</marc:subfield></marc:datafield><marc:datafield tag="300" ind1=" " ind2=" "><marc:subfield code="a">[224] p. (the last [2] p. blank) ;</marc:subfield><marc:subfield code="c">21 cm. (4to)</marc:subfield></marc:datafield><marc:datafield tag="500" ind1=" " ind2=" "><marc:subfield code="a">Title from incipit (leaf a4r).</marc:subfield></marc:datafield><marc:datafield tag="500" ind1=" " ind2=" "><marc:subfield code="a">Imprint from colophon, which reads: Excellentissimi [et] sanctissimi viri dñi Alberti magni ep̃i ratisponẽsis ordinis predicato[rum] in euangeliu[m] Missus est Gabriel angelus. aureum [et] deuotissimũ opus feliciter explicit. Diligentissime emendatũ [per] venerabilem fratrem Augustinum de Papia eiusdem ordinis predicatoru[m] de obseruantia. Aloysius vero de Serazonibus sua opera [et] impensa imprimi curauit. Mediolani Ab Uldericho scinzẽzeler. Teutõico. Anno domini. 1488. Die 17. Aprilis. Finis.</marc:subfield></marc:datafield><marc:datafield tag="500" ind1=" " ind2=" "><marc:subfield code="a">Signatures: a-o⁸ (c2 signed b2, f3 signed f2, k4 signed k3).</marc:subfield></marc:datafield><marc:datafield tag="500" ind1=" " ind2=" "><marc:subfield code="a">Printed in 2 columns.</marc:subfield></marc:datafield><marc:datafield tag="500" ind1=" " ind2=" "><marc:subfield code="a">Capital spaces without guide letters.</marc:subfield></marc:datafield><marc:datafield tag="510" ind1="4" ind2=" "><marc:subfield code="a">Goff</marc:subfield><marc:subfield code="c">A-275.</marc:subfield></marc:datafield><marc:datafield tag="510" ind1="4" ind2=" "><marc:subfield code="a">Hain-Copinger (and additions),</marc:subfield><marc:subfield code="c">464.</marc:subfield></marc:datafield><marc:datafield tag="510" ind1="4" ind2=" "><marc:subfield code="a">BM 15th cent.,</marc:subfield><marc:subfield code="c">VI, p. 763 (IA.26709).</marc:subfield></marc:datafield><marc:datafield tag="510" ind1="4" ind2=" "><marc:subfield code="a">GW</marc:subfield><marc:subfield code="c">682.</marc:subfield></marc:datafield><marc:datafield tag="500" ind1=" " ind2=" "><marc:subfield code="a">Includes register.</marc:subfield></marc:datafield><marc:datafield tag="590" ind1=" " ind2=" "><marc:subfield code="a">Folger copy: last leaf, blank, lacking.</marc:subfield></marc:datafield><marc:datafield tag="590" ind1=" " ind2=" "><marc:subfield code="a">Capital spaces left unrubricated; 1st initial (leaf a1v) provided in brown ink.</marc:subfield></marc:datafield><marc:datafield tag="590" ind1=" " ind2=" "><marc:subfield code="a">Numbering of leaves in brown ink in upper right corner of recto of each leaf, reading: 51-161; a few finding notes.</marc:subfield></marc:datafield><marc:datafield tag="590" ind1=" " ind2=" "><marc:subfield code="a">Pencilled autograph on fly leaf &quot;Dr. William A. Hammond, Rome Feb. 22d. 1866&quot;; no. 35 in Bangs sale Feb. 24, 1902 according to Mrs. Folger's file.</marc:subfield></marc:datafield><marc:datafield tag="590" ind1=" " ind2=" "><marc:subfield code="a">In full vellum modern binding with painted antique style medallions on both covers; gold tooled.</marc:subfield></marc:datafield><marc:datafield tag="630" ind1="0" ind2="0"><marc:subfield code="a">Bible.</marc:subfield><marc:subfield code="p">N.T.</marc:subfield><marc:subfield code="p">Luke I, 26</marc:subfield><marc:subfield code="v">Commentaries.</marc:subfield></marc:datafield><marc:datafield tag="655" ind1=" " ind2="7"><marc:subfield code="a">Vellum bindings (Binding)</marc:subfield><marc:subfield code="2">rbbin</marc:subfield></marc:datafield><marc:datafield tag="700" ind1="1" ind2=" "><marc:subfield code="a">Hammond, William Alexander,</marc:subfield><marc:subfield code="d">1828-1900,</marc:subfield><marc:subfield code="e">former owner.</marc:subfield></marc:datafield><marc:datafield tag="700" ind1="1" ind2=" "><marc:subfield code="a">Scinzenzeler, Ulrich,</marc:subfield><marc:subfield code="d">ca. 1450-1500?,</marc:subfield><marc:subfield code="e">printer.</marc:subfield></marc:datafield><marc:datafield tag="700" ind1="1" ind2=" "><marc:subfield code="a">Serrazoni, Luigi,</marc:subfield><marc:subfield code="d">fl. 1488,</marc:subfield><marc:subfield code="e">printer.</marc:subfield></marc:datafield><marc:datafield tag="752" ind1="1" ind2="0"><marc:subfield code="d">Milan.</marc:subfield></marc:datafield><marc:datafield tag="100" ind1="0" ind2=" "><marc:subfield code="a">Albertus,</marc:subfield><marc:subfield code="c">Magnus, Saint,</marc:subfield><marc:subfield code="d">1193?-1280.</marc:subfield></marc:datafield><marc:datafield tag="600" ind1="0" ind2="0"><marc:subfield code="a">Mary,</marc:subfield><marc:subfield code="c">Blessed Virgin, Saint.</marc:subfield></marc:datafield><marc:datafield tag="700" ind1="0" ind2=" "><marc:subfield code="a">Augustinus,</marc:subfield><marc:subfield code="c">Papiensis.</marc:subfield></marc:datafield><marc:datafield tag="856" ind1="4" ind2="1"><marc:subfield code="u">http://luna.folger.edu/luna/servlet/s/o0j0p6</marc:subfield><marc:subfield code="z">Binding images and description for Folger Shakespeare Library INC A247</marc:subfield></marc:datafield><marc:datafield tag="950" ind1=" " ind2=" "><marc:subfield code="l">RARE</marc:subfield><marc:subfield code="i">11/03/93 C</marc:subfield></marc:datafield><marc:datafield tag="998" ind1=" " ind2=" "><marc:subfield code="a">11/03/93</marc:subfield><marc:subfield code="t">c</marc:subfield><marc:subfield code="s">9114</marc:subfield><marc:subfield code="n">DFo</marc:subfield><marc:subfield code="w">DCFG93B14681</marc:subfield><marc:subfield code="d">10/19/93</marc:subfield><marc:subfield code="c">ML</marc:subfield><marc:subfield code="b">MT</marc:subfield><marc:subfield code="l">DCFG</marc:subfield></marc:datafield></marc:record>