
<marc:record><marc:leader>03938cam a2200517   4500</marc:leader>
<marc:controlfield tag="001">170300</marc:controlfield>
<marc:controlfield tag="005">20120404122004.0</marc:controlfield><marc:controlfield tag="008">990223s1498    fr a|||       000 ||lat d</marc:controlfield><marc:datafield tag="035" ind1=" " ind2=" "><marc:subfield code="9">ESTCS125426</marc:subfield></marc:datafield><marc:datafield tag="035" ind1=" " ind2=" "><marc:subfield code="a">170300</marc:subfield></marc:datafield><marc:datafield tag="040" ind1=" " ind2=" "><marc:subfield code="a">DFo</marc:subfield><marc:subfield code="d">DFo</marc:subfield><marc:subfield code="e">dcrmb</marc:subfield><marc:subfield code="d">UtOrBLW</marc:subfield></marc:datafield><marc:datafield tag="110" ind1="2" ind2=" "><marc:subfield code="a">Catholic Church.</marc:subfield></marc:datafield><marc:datafield tag="240" ind1="1" ind2="0"><marc:subfield code="a">Book of Hours (Salisbury)</marc:subfield></marc:datafield><marc:datafield tag="245" ind1="1" ind2="0"><marc:subfield code="a">Incipiunt Hore Beate Marie Virginis secu[n]dum vsum Sarum ....</marc:subfield></marc:datafield><marc:datafield tag="246" ind1="3" ind2=" "><marc:subfield code="a">Incipiunt Hore Beate Marie Virginis secundum vsum Sarum</marc:subfield></marc:datafield><marc:datafield tag="260" ind1=" " ind2=" "><marc:subfield code="a">Noviter impresse Parisii :</marc:subfield><marc:subfield code="b">Pro Symone Le Vostre com[m]orantem in vico nouo Marie in intersignio Sancti Ioha[n]nis Euangeliste,</marc:subfield><marc:subfield code="c">[1498]</marc:subfield></marc:datafield><marc:datafield tag="300" ind1=" " ind2=" "><marc:subfield code="a">[256] p. :</marc:subfield><marc:subfield code="b">ill. (woodcuts) ;</marc:subfield><marc:subfield code="c">18 cm (8vo)</marc:subfield></marc:datafield><marc:datafield tag="500" ind1=" " ind2=" "><marc:subfield code="a">Imprint from colophon. Date of publication from STC; Goff gives date [ca. 1497]; see C.F. Bühler's article in The Library, 4th ser., XIX, (1938-1939), p. [304]-310.</marc:subfield></marc:datafield><marc:datafield tag="500" ind1=" " ind2=" "><marc:subfield code="a">Signatures: a⁸ [chi]⁸ b-p⁸.</marc:subfield></marc:datafield><marc:datafield tag="500" ind1=" " ind2=" "><marc:subfield code="a">Each page within woodcut border; device of Philippe Pigouchet on t.p.</marc:subfield></marc:datafield><marc:datafield tag="500" ind1=" " ind2=" "><marc:subfield code="a">The first four leaves of the second gathering are signed '.i.', '.ii.', '.iii.', and '.iiii.' respectively.</marc:subfield></marc:datafield><marc:datafield tag="510" ind1="4" ind2=" "><marc:subfield code="a">STC (2nd ed.),</marc:subfield><marc:subfield code="c">15889</marc:subfield></marc:datafield><marc:datafield tag="510" ind1="4" ind2=" "><marc:subfield code="a">ESTC (RLIN)</marc:subfield><marc:subfield code="c">S125426</marc:subfield></marc:datafield><marc:datafield tag="510" ind1="4" ind2=" "><marc:subfield code="a">Duff</marc:subfield><marc:subfield code="c">195</marc:subfield></marc:datafield><marc:datafield tag="510" ind1="4" ind2=" "><marc:subfield code="a">Goff</marc:subfield><marc:subfield code="c">H-422</marc:subfield></marc:datafield><marc:datafield tag="510" ind1="4" ind2=" "><marc:subfield code="a">Hoskins, J.W.  Polonica,</marc:subfield><marc:subfield code="c">19</marc:subfield></marc:datafield><marc:datafield tag="585" ind1=" " ind2=" "><marc:subfield code="a">Washington, D.C., Folger Shakespeare Library, 2010. Vivat Rex! (catalog entry 8)</marc:subfield><marc:subfield code="5">DFo</marc:subfield></marc:datafield><marc:datafield tag="585" ind1=" " ind2=" "><marc:subfield code="a">Washington, D.C., Folger Shakespeare Library, 1987. Folger's Choice (catalog entry 10)</marc:subfield><marc:subfield code="5">DFo</marc:subfield></marc:datafield><marc:datafield tag="530" ind1=" " ind2=" "><marc:subfield code="a">D3v-D4r available as a digital reproduction.</marc:subfield></marc:datafield><marc:datafield tag="610" ind1="2" ind2="0"><marc:subfield code="a">Catholic Church</marc:subfield><marc:subfield code="v">Prayers and devotions</marc:subfield><marc:subfield code="v">Early works to 1800.</marc:subfield></marc:datafield><marc:datafield tag="650" ind1=" " ind2="0"><marc:subfield code="a">Books of hours</marc:subfield><marc:subfield code="v">Early works to 1800.</marc:subfield></marc:datafield><marc:datafield tag="655" ind1=" " ind2="7"><marc:subfield code="a">Annotations (Provenance)</marc:subfield><marc:subfield code="2">rbprov</marc:subfield></marc:datafield><marc:datafield tag="655" ind1=" " ind2="7"><marc:subfield code="a">Illuminations</marc:subfield><marc:subfield code="y">15th century.</marc:subfield><marc:subfield code="2">gmgpc</marc:subfield></marc:datafield><marc:datafield tag="655" ind1=" " ind2="7"><marc:subfield code="a">Illustrated works</marc:subfield><marc:subfield code="z">France</marc:subfield><marc:subfield code="y">15th century.</marc:subfield><marc:subfield code="2">rbgenr</marc:subfield></marc:datafield><marc:datafield tag="700" ind1="1" ind2=" "><marc:subfield code="a">Pigouchet, Philippe,</marc:subfield><marc:subfield code="d">15th/16th cent,</marc:subfield><marc:subfield code="e">printer.</marc:subfield></marc:datafield><marc:datafield tag="700" ind1="1" ind2=" "><marc:subfield code="a">Vostre, Simon,</marc:subfield><marc:subfield code="d">d. 1521,</marc:subfield><marc:subfield code="e">printer.</marc:subfield></marc:datafield><marc:datafield tag="700" ind1="1" ind2=" "><marc:subfield code="a">Packer, Robert,</marc:subfield><marc:subfield code="d">fl. 1604,</marc:subfield><marc:subfield code="e">inscriber.</marc:subfield><marc:subfield code="5">DFo</marc:subfield></marc:datafield><marc:datafield tag="700" ind1="1" ind2=" "><marc:subfield code="a">Cotton, H.,</marc:subfield><marc:subfield code="e">signer.</marc:subfield><marc:subfield code="5">DFo</marc:subfield></marc:datafield><marc:datafield tag="700" ind1="0" ind2=" "><marc:subfield code="a">Carlo Ludovico,</marc:subfield><marc:subfield code="c">duca di Lucca,</marc:subfield><marc:subfield code="d">1799-1883,</marc:subfield><marc:subfield code="e">former owner.</marc:subfield><marc:subfield code="5">DFo</marc:subfield></marc:datafield><marc:datafield tag="700" ind1="1" ind2=" "><marc:subfield code="a">Bishop, Cortlandt F.</marc:subfield><marc:subfield code="q">(Cortlandt Field),</marc:subfield><marc:subfield code="d">1870-1935,</marc:subfield><marc:subfield code="e">former owner.</marc:subfield><marc:subfield code="5">DFo</marc:subfield></marc:datafield><marc:datafield tag="752" ind1=" " ind2=" "><marc:subfield code="a">France</marc:subfield><marc:subfield code="d">Paris.</marc:subfield></marc:datafield><marc:datafield tag="852" ind1="8" ind2=" "><marc:subfield code="b">DeckB-STC</marc:subfield><marc:subfield code="h">STC 15889</marc:subfield><marc:subfield code="j">208904</marc:subfield><marc:subfield code="x">DJL 2007.11.21 consulted Paul Needham about format. Leaf size = 179 x 103.5 mm; top-foreedge-bottom borders = 4 x 4 x 29 mm.; rev. AS-K 201203</marc:subfield><marc:subfield code="z">Imperfect: wanting a1. Printed on vellum. Hand-colored initials (some partially or mostly rubbed away) and line decorations. MS. notes and markings (some partially or mostly rubbed away, affecting legibility). Leaf a2 is badly faded, affecting legibility, with a tear, affecting a2v text and image. Leaves c1 and c2 are badly faded; c1 is cut away at the tail. Leaf e8 is slightly mutilated, affecting text. Leaves p6-8 are cut away at the tails and mutilated, affecting text and borders. MS. markings (of provenance) on k8v and l1r are mostly rubbed away, affecting legibility. Provenance: Elizabeth , queen consort of Henry VII, king of England copy: inscribed on d4r: &quot;madam I pray you Remember me in your god prayers your mastriss Elizabeth R&quot;; inscribed on n6r: &quot;Robertus [Robert] Packer&quot;; also badly faded inscriptions signed by A. Poyntz (g8v), Margaret Poyntz (i4v), R Poyntz (d2v), and A Packer (a3r): see STC worksheet file; armorial bookplate of Charles Louis de Bourbon, duke of Parma; inscribed &quot;H. Cotton&quot; on front paste-down; bookplate of Courtlandt Field Bishop; anonymous armorial bookplate</marc:subfield><marc:subfield code="x">rev. knt 201204</marc:subfield></marc:datafield><marc:datafield tag="856" ind1="4" ind2="1"><marc:subfield code="u">http://luna.folger.edu/luna/servlet/s/ul01k0</marc:subfield><marc:subfield code="z">Digital reproduction of Folger Shakespeare Library STC 15889 D3v-D4r</marc:subfield></marc:datafield><marc:datafield tag="859" ind1=" " ind2=" "><marc:subfield code="p">Y</marc:subfield><marc:subfield code="r">N</marc:subfield><marc:subfield code="l">DFo</marc:subfield><marc:subfield code="v">Y</marc:subfield><marc:subfield code="d">03-12-03</marc:subfield><marc:subfield code="c">edp</marc:subfield><marc:subfield code="b">MI</marc:subfield></marc:datafield><marc:datafield tag="700" ind1="0" ind2=" "><marc:subfield code="a">Elizabeth,</marc:subfield><marc:subfield code="c">Queen, consort of Henry VII, King of England,</marc:subfield><marc:subfield code="d">1465-1503,</marc:subfield><marc:subfield code="e">inscriber.</marc:subfield><marc:subfield code="5">DFo</marc:subfield></marc:datafield><marc:datafield tag="998" ind1=" " ind2=" "><marc:subfield code="a">07/22/03</marc:subfield><marc:subfield code="t">c</marc:subfield><marc:subfield code="s">9115</marc:subfield><marc:subfield code="n">DFo</marc:subfield><marc:subfield code="w">ESTCS125426</marc:subfield><marc:subfield code="d">08/20/02</marc:subfield><marc:subfield code="i">030722</marc:subfield><marc:subfield code="h">030314</marc:subfield><marc:subfield code="l">ESTC</marc:subfield></marc:datafield></marc:record>