
<marc:record><marc:leader>04755cam a2200673 a 4500</marc:leader>
<marc:controlfield tag="001">89163</marc:controlfield>
<marc:controlfield tag="005">20120822135238.0</marc:controlfield><marc:controlfield tag="008">931018s1494    gw            000 0dlat  </marc:controlfield><marc:datafield tag="010" ind1=" " ind2=" "><marc:subfield code="a">   91206501 </marc:subfield></marc:datafield><marc:datafield tag="035" ind1=" " ind2=" "><marc:subfield code="9">DCFG93-B14624</marc:subfield></marc:datafield><marc:datafield tag="035" ind1=" " ind2=" "><marc:subfield code="a">89163</marc:subfield></marc:datafield><marc:datafield tag="040" ind1=" " ind2=" "><marc:subfield code="a">DLC</marc:subfield><marc:subfield code="c">DLC</marc:subfield><marc:subfield code="d">DLC</marc:subfield><marc:subfield code="e">dcrb</marc:subfield><marc:subfield code="d">DFo</marc:subfield><marc:subfield code="d">UtOrBLW</marc:subfield></marc:datafield><marc:datafield tag="050" ind1="0" ind2="0"><marc:subfield code="a">Incun. 1494</marc:subfield><marc:subfield code="b">.T46</marc:subfield><marc:subfield code="a">BX890</marc:subfield></marc:datafield><marc:datafield tag="090" ind1=" " ind2=" "><marc:subfield code="b">INC T320</marc:subfield><marc:subfield code="f">155600</marc:subfield><marc:subfield code="t">6̃10</marc:subfield><marc:subfield code="t">6̃50</marc:subfield><marc:subfield code="t">7̃30</marc:subfield><marc:subfield code="t">7̃40</marc:subfield><marc:subfield code="t">7̃55</marc:subfield><marc:subfield code="i">10/21/93 C</marc:subfield></marc:datafield><marc:datafield tag="240" ind1="1" ind2="0"><marc:subfield code="a">Works.</marc:subfield><marc:subfield code="f">1494</marc:subfield></marc:datafield><marc:datafield tag="245" ind1="1" ind2="0"><marc:subfield code="a">Opera et libri vite Fratris Thome de Kempis ordinis Canonicorum regularium quoru[m] titulos vide in prmo folio.</marc:subfield></marc:datafield><marc:datafield tag="246" ind1="3" ind2="3"><marc:subfield code="a">Opera et libri vitae Fratris Thomae de Kempis</marc:subfield></marc:datafield><marc:datafield tag="260" ind1=" " ind2=" "><marc:subfield code="a">Nuremberge :</marc:subfield><marc:subfield code="b">Per Caspar Hochfeder opificē accuratissime impressi,</marc:subfield><marc:subfield code="c">in vigilia Andree Ap[osto]li [29 Nov.] Anno [Christ]i 1494.</marc:subfield></marc:datafield><marc:datafield tag="300" ind1=" " ind2=" "><marc:subfield code="a">[4], CLXXVIII [i.e. CLXXX] leaves ;</marc:subfield><marc:subfield code="c">30 cm. (fol.)</marc:subfield></marc:datafield><marc:datafield tag="500" ind1=" " ind2=" "><marc:subfield code="a">Edited by Peter Danhauser.</marc:subfield></marc:datafield><marc:datafield tag="500" ind1=" " ind2=" "><marc:subfield code="a">Imprint from colophon.</marc:subfield></marc:datafield><marc:datafield tag="500" ind1=" " ind2=" "><marc:subfield code="a">Signatures: []⁴ a-b⁸ c-d⁶ e-g⁸ h⁶ i⁸ k⁶ l⁸ m-o⁶ p⁸ q⁶ r⁸ s-t⁶ v⁸ x-y⁶ z⁸ A-B⁶ C⁸.</marc:subfield></marc:datafield><marc:datafield tag="500" ind1=" " ind2=" "><marc:subfield code="a">Printed in 2 columns (except preliminary letters).</marc:subfield></marc:datafield><marc:datafield tag="500" ind1=" " ind2=" "><marc:subfield code="a">Capital spaces with guide letters; head lines give title of the tract and the foliation.</marc:subfield></marc:datafield><marc:datafield tag="500" ind1=" " ind2=" "><marc:subfield code="a">Folios XL, XLI, and XLII misnumbered XXXIX.</marc:subfield></marc:datafield><marc:datafield tag="510" ind1="4" ind2=" "><marc:subfield code="a">Goff</marc:subfield><marc:subfield code="c">T-352.</marc:subfield></marc:datafield><marc:datafield tag="510" ind1="4" ind2=" "><marc:subfield code="a">Hain-Copinger</marc:subfield><marc:subfield code="c">*9769.</marc:subfield></marc:datafield><marc:datafield tag="510" ind1="4" ind2=" "><marc:subfield code="a">BM 15th cent.,</marc:subfield><marc:subfield code="c">II, p. 475 (IB.8174).</marc:subfield></marc:datafield><marc:datafield tag="510" ind1="4" ind2=" "><marc:subfield code="a">Vekene, E. van der. Kaspar Hochfeder,</marc:subfield><marc:subfield code="c">17.</marc:subfield></marc:datafield><marc:datafield tag="500" ind1=" " ind2=" "><marc:subfield code="a">Includes the anonymous Imitatio Christi, formerly attributed to Thomas à Kempis.</marc:subfield></marc:datafield><marc:datafield tag="500" ind1=" " ind2=" "><marc:subfield code="a">Includes the De meditatione cordis of Jean Gerson, the Alphabetum boni monachi of Pseudo-Bonaventure, and an exchange of letters between Georgius Pirckamer and Danhauser.</marc:subfield></marc:datafield><marc:datafield tag="530" ind1=" " ind2=" "><marc:subfield code="a">Also available on microfilm, and front cover available in digital reproduction.</marc:subfield></marc:datafield><marc:datafield tag="585" ind1=" " ind2=" "><marc:subfield code="a">Washington, D.C., Folger Shakespeare Library, 2001-2002. The Reader Revealed (catalog entry 108)</marc:subfield><marc:subfield code="5">DFo</marc:subfield></marc:datafield><marc:datafield tag="585" ind1=" " ind2=" "><marc:subfield code="a">Washington, D.C., Folger Shakespeare Library, 1987. Folger's Choice (catalog entry 53)</marc:subfield><marc:subfield code="5">DFo</marc:subfield></marc:datafield><marc:datafield tag="585" ind1=" " ind2=" "><marc:subfield code="a">Washington, D.C., Folger Shakespeare Library, 1992. Fine and Historic Bookbindings (catalog entry 1:7)</marc:subfield><marc:subfield code="5">DFo</marc:subfield></marc:datafield><marc:datafield tag="590" ind1=" " ind2=" "><marc:subfield code="a">Folger copy: most of initials rubricated in red, some in blue (alternating in pts. of the book); 1 large initial in red (leaf q2r), 3 in red and blue (leaves o3r, s3v and t3r); most of the large capital spaces left unrubricated; capital strokes and paragraph marks supplied in red.</marc:subfield></marc:datafield><marc:datafield tag="590" ind1=" " ind2=" "><marc:subfield code="a">Leaf e2 (signed e3) perforated, slightly affecting text.</marc:subfield></marc:datafield><marc:datafield tag="590" ind1=" " ind2=" "><marc:subfield code="a">Manuscript note on leaf m3v and y5r.</marc:subfield></marc:datafield><marc:datafield tag="590" ind1=" " ind2=" "><marc:subfield code="a">Bookplate of Sir Robert Shafto Adair, bart.; bookplate &quot;Chippenham Lodge, Ely 1950&quot; of John Michael Henry Hely-Hutchinson, 7th Earl of Donoughmore; his sale, Sotheby's, March 12, 1956, lot 15; purchased in 1956 from F. Edwards, London.</marc:subfield></marc:datafield><marc:datafield tag="590" ind1=" " ind2=" "><marc:subfield code="a">Bound in a German chained binding, c. 1495, of alum tawed pigskin over wooden boards with blind decoration and adorned with brass corner bosses, title plaque, clasps, and several links of iron chain. Both covers blind tooled with three-line fillet border. Upper cover decorated with a vine-like tool with tendrils (crocketed ogive tool); lower cover central panel divided in 12 lozenges with a fleur-de-lys stamped in the center of each; strips of vellum manuscript used as reinforcement. Cf. Folger Shakespeare Library. Fine and historic bookbindings, 1:7; in a tailored box.</marc:subfield></marc:datafield><marc:datafield tag="590" ind1=" " ind2=" "><marc:subfield code="a">With: Albertus, Magnus, Saint. Compendium theologice veritatis. Impressum Argentine : [Johann Prüss], anno D[o]m[ini] 1489.</marc:subfield></marc:datafield><marc:datafield tag="610" ind1="2" ind2="0"><marc:subfield code="a">Catholic Church</marc:subfield><marc:subfield code="x">Doctrines.</marc:subfield></marc:datafield><marc:datafield tag="650" ind1=" " ind2="0"><marc:subfield code="a">Spiritual life</marc:subfield><marc:subfield code="x">Catholic Church</marc:subfield><marc:subfield code="v">Early works to 1800.</marc:subfield></marc:datafield><marc:datafield tag="655" ind1=" " ind2="7"><marc:subfield code="a">Pigskin bindings (Binding)</marc:subfield><marc:subfield code="z">Germany</marc:subfield><marc:subfield code="y">15th century.</marc:subfield><marc:subfield code="2">rbbin</marc:subfield></marc:datafield><marc:datafield tag="655" ind1=" " ind2="7"><marc:subfield code="a">Manuscript waste (Binding)</marc:subfield><marc:subfield code="2">rbbin</marc:subfield></marc:datafield><marc:datafield tag="655" ind1=" " ind2="7"><marc:subfield code="a">Chained bindings (Binding)</marc:subfield><marc:subfield code="2">rbbin</marc:subfield></marc:datafield><marc:datafield tag="700" ind1="1" ind2=" "><marc:subfield code="a">Danhauser, Peter.</marc:subfield></marc:datafield><marc:datafield tag="730" ind1="0" ind2="2"><marc:subfield code="a">Imitatio Christi.</marc:subfield><marc:subfield code="f">1494.</marc:subfield></marc:datafield><marc:datafield tag="700" ind1="1" ind2=" "><marc:subfield code="a">Donoughmore, John Michael Henry Ely-Hutchinson,</marc:subfield><marc:subfield code="c">Earl of,</marc:subfield><marc:subfield code="d">b. 1902,</marc:subfield><marc:subfield code="e">former owner.</marc:subfield></marc:datafield><marc:datafield tag="700" ind1="1" ind2=" "><marc:subfield code="a">Adair, Robert Shafto,</marc:subfield><marc:subfield code="d">1786-1869,</marc:subfield><marc:subfield code="e">former owner.</marc:subfield><marc:subfield code="5">DFo</marc:subfield></marc:datafield><marc:datafield tag="700" ind1="1" ind2=" "><marc:subfield code="a">Hochfeder, Kaspar,</marc:subfield><marc:subfield code="d">fl. 1490-1517,</marc:subfield><marc:subfield code="e">printer.</marc:subfield></marc:datafield><marc:datafield tag="752" ind1="1" ind2="0"><marc:subfield code="d">Nuremberg.</marc:subfield></marc:datafield><marc:datafield tag="100" ind1="0" ind2=" "><marc:subfield code="a">Thomas,</marc:subfield><marc:subfield code="c">à Kempis,</marc:subfield><marc:subfield code="d">1380-1471.</marc:subfield></marc:datafield><marc:datafield tag="600" ind1="0" ind2="0"><marc:subfield code="a">Thomas,</marc:subfield><marc:subfield code="c">à Kempis,</marc:subfield><marc:subfield code="d">1380-1471.</marc:subfield></marc:datafield><marc:datafield tag="852" ind1=" " ind2=" "><marc:subfield code="x">rev. AS-K 201203; rev. knt 201204; rev. knt 201205</marc:subfield></marc:datafield><marc:datafield tag="856" ind1="4" ind2="1"><marc:subfield code="u">http://luna.folger.edu/luna/servlet/s/8ephg0</marc:subfield><marc:subfield code="z">Digital reproduction of Folger Shakespeare Library INC T320, upper cover and chain</marc:subfield></marc:datafield><marc:datafield tag="856" ind1="4" ind2="1"><marc:subfield code="u">http://luna.folger.edu/luna/servlet/s/848e0y</marc:subfield><marc:subfield code="z">Binding images and description for Folger Shakespeare Library INC T320</marc:subfield></marc:datafield><marc:datafield tag="950" ind1=" " ind2=" "><marc:subfield code="l">RARE</marc:subfield><marc:subfield code="i">10/21/93 C</marc:subfield></marc:datafield><marc:datafield tag="998" ind1=" " ind2=" "><marc:subfield code="a">10/21/93</marc:subfield><marc:subfield code="t">c</marc:subfield><marc:subfield code="s">9110</marc:subfield><marc:subfield code="n">DFo</marc:subfield><marc:subfield code="w">DCLC91206501B</marc:subfield><marc:subfield code="d">10/18/93</marc:subfield><marc:subfield code="c">ML</marc:subfield><marc:subfield code="b">MT</marc:subfield><marc:subfield code="l">DCFG</marc:subfield></marc:datafield></marc:record>