
<marc:record><marc:leader>03889cam a2200505 a 4500</marc:leader>
<marc:controlfield tag="001">89307</marc:controlfield>
<marc:controlfield tag="005">20120821144407.0</marc:controlfield><marc:controlfield tag="008">931119s1491    gw            000 0 lat d</marc:controlfield><marc:datafield tag="035" ind1=" " ind2=" "><marc:subfield code="9">DCFG93-B15229</marc:subfield></marc:datafield><marc:datafield tag="040" ind1=" " ind2=" "><marc:subfield code="a">DFo</marc:subfield><marc:subfield code="c">DFo</marc:subfield><marc:subfield code="e">dcrb</marc:subfield><marc:subfield code="d">UtOrBLW</marc:subfield></marc:datafield><marc:datafield tag="090" ind1=" " ind2=" "><marc:subfield code="b">INC A670</marc:subfield><marc:subfield code="f">cs848</marc:subfield><marc:subfield code="t">7̃55</marc:subfield><marc:subfield code="i">09/20/94 X</marc:subfield><marc:subfield code="h">05/31/94 N</marc:subfield><marc:subfield code="h">12/07/93 C</marc:subfield></marc:datafield><marc:datafield tag="240" ind1="1" ind2="0"><marc:subfield code="a">Works.</marc:subfield><marc:subfield code="f">1491</marc:subfield></marc:datafield><marc:datafield tag="245" ind1="1" ind2="0"><marc:subfield code="a">Opera [et] tractatus Beati Anselmi Archiepiscopi Cantuarien[sis], ordinis Sancti Benedicti.</marc:subfield></marc:datafield><marc:datafield tag="260" ind1=" " ind2=" "><marc:subfield code="a">Nurenberge :</marc:subfield><marc:subfield code="b">Per Caspar Hochfeder ... impressa,</marc:subfield><marc:subfield code="c">anno [Christ]i 1491, die vero vicesimaseptima Martij [27 March]</marc:subfield></marc:datafield><marc:datafield tag="300" ind1=" " ind2=" "><marc:subfield code="a">[364] p. (the last [2] p. blank) ;</marc:subfield><marc:subfield code="c">28 cm. (fol.)</marc:subfield></marc:datafield><marc:datafield tag="500" ind1=" " ind2=" "><marc:subfield code="a">Includes Gaunilo's Liber pro insipiente, and excerpts from Honorius of Autun's De imagine mundi (books 1-2).</marc:subfield></marc:datafield><marc:datafield tag="500" ind1=" " ind2=" "><marc:subfield code="a">Additions by Peter Danhauser and Johann Löffelholz.</marc:subfield></marc:datafield><marc:datafield tag="500" ind1=" " ind2=" "><marc:subfield code="a">For full contents, see CIBN A-404.</marc:subfield></marc:datafield><marc:datafield tag="500" ind1=" " ind2=" "><marc:subfield code="a">&quot;... vt potui [con]sumare ...&quot;--Leaf a1r, line 12 of column 1.</marc:subfield></marc:datafield><marc:datafield tag="500" ind1=" " ind2=" "><marc:subfield code="a">&quot;Explicit&quot; reads as in Polain 228.</marc:subfield></marc:datafield><marc:datafield tag="500" ind1=" " ind2=" "><marc:subfield code="a">Imprint from colophon (leaf [et]5v), which reads: Opera sancti Anselmi que is scp̃sit hoc libro q̃z salutari sidore clauduntur. Anno [Christ]i M.cccc.lxxxxj. die vero vicesimaseptima martij Nurenberge. per Caspar hochfeder: opificem mira arte ac diligentia impressa.</marc:subfield></marc:datafield><marc:datafield tag="500" ind1=" " ind2=" "><marc:subfield code="a">Signatures: []⁴, a-d⁸, e⁶, f-s⁸, t-z⁶, [et]⁶ (leaf v1 unsigned).</marc:subfield></marc:datafield><marc:datafield tag="500" ind1=" " ind2=" "><marc:subfield code="a">Printed in 2 columns, except for the preliminary leaves.</marc:subfield></marc:datafield><marc:datafield tag="500" ind1=" " ind2=" "><marc:subfield code="a">Capital spaces, most of them with guide letters.</marc:subfield></marc:datafield><marc:datafield tag="510" ind1="4" ind2=" "><marc:subfield code="a">Goff</marc:subfield><marc:subfield code="c">A-759.</marc:subfield></marc:datafield><marc:datafield tag="510" ind1="4" ind2=" "><marc:subfield code="a">BM 15th cent.,</marc:subfield><marc:subfield code="c">II, p. 473 (IB.8153).</marc:subfield></marc:datafield><marc:datafield tag="510" ind1="4" ind2=" "><marc:subfield code="a">GW</marc:subfield><marc:subfield code="c">2032.</marc:subfield></marc:datafield><marc:datafield tag="590" ind1=" " ind2=" "><marc:subfield code="a">Folger copy: initials and paragraph marks in running title rubricated in red; large initial painted in red, showing unfinished sketching, on leaf a1r; includes a crude miniature depicting Saint Anselm, in different colors, surrounded by penwork in brown ink only partially painted; title rubricated; some capital strokes provided in 1st gatherings and occasionally on other leaves; underlining of titles in the preliminary matters; a note in red ink on t.p.; signature on leaf v1 provided in red ink.</marc:subfield></marc:datafield><marc:datafield tag="590" ind1=" " ind2=" "><marc:subfield code="a">A few early manuscript notes in brown ink on leaf n4v.</marc:subfield></marc:datafield><marc:datafield tag="590" ind1=" " ind2=" "><marc:subfield code="a">Several notes, numbers and a price pencilled on t.p.: bookstamp &quot;Ministerial Bibliothek Uelzen.&quot; and a pencilled note reading &quot;Chas Gregory, Bath 1906.&quot;; initials &quot;DJ&quot; pencilled on recto of last leaf.</marc:subfield></marc:datafield><marc:datafield tag="590" ind1=" " ind2=" "><marc:subfield code="a">In a 15th cent. pigskin (or boar skin?) binding on wooden boards, with remains of 2 clasps on the fore-edge; the pastedowns were removed, showing offset of ruling, and manuscript red paint and black ink on boards; leather and alum tawed skin tabs on fore-edge, at beginning of major works (a few leather tabs are missing); remains of vellum title label at head of front cover, showing parts of handwritten roman numbers and faint evidence of red paint; another later paper label on spine handwritten with author, title and year of publication; another early inscription, illegible, on fore edge, reading from front to back cover; repaired; in a tailored box.</marc:subfield></marc:datafield><marc:datafield tag="655" ind1=" " ind2="7"><marc:subfield code="a">Illuminations.</marc:subfield><marc:subfield code="2">gmgpc</marc:subfield></marc:datafield><marc:datafield tag="655" ind1=" " ind2="7"><marc:subfield code="a">Pigskin bindings (Binding)</marc:subfield><marc:subfield code="y">15th century.</marc:subfield><marc:subfield code="2">rbbin</marc:subfield></marc:datafield><marc:datafield tag="700" ind1="1" ind2=" "><marc:subfield code="a">Danhauser, Peter.</marc:subfield></marc:datafield><marc:datafield tag="700" ind1="1" ind2=" "><marc:subfield code="a">Löffelholz, Johann,</marc:subfield><marc:subfield code="d">1448-1509.</marc:subfield></marc:datafield><marc:datafield tag="700" ind1="1" ind2=" "><marc:subfield code="a">Gregory, Charles,</marc:subfield><marc:subfield code="d">fl. 1906,</marc:subfield><marc:subfield code="e">former owner.</marc:subfield></marc:datafield><marc:datafield tag="710" ind1="2" ind2=" "><marc:subfield code="a">Ministerial Bibliothek Uelzen,</marc:subfield><marc:subfield code="e">former owner.</marc:subfield></marc:datafield><marc:datafield tag="700" ind1="1" ind2=" "><marc:subfield code="a">Hochfeder, Kaspar,</marc:subfield><marc:subfield code="d">fl. 1490-1517,</marc:subfield><marc:subfield code="e">printer.</marc:subfield></marc:datafield><marc:datafield tag="752" ind1="1" ind2="0"><marc:subfield code="d">Nuremberg.</marc:subfield></marc:datafield><marc:datafield tag="100" ind1="0" ind2=" "><marc:subfield code="a">Anselm,</marc:subfield><marc:subfield code="c">Saint, Archbishop of Canterbury,</marc:subfield><marc:subfield code="d">1033-1109.</marc:subfield></marc:datafield><marc:datafield tag="700" ind1="0" ind2=" "><marc:subfield code="a">Gaunilo,</marc:subfield><marc:subfield code="d">11th cent.</marc:subfield></marc:datafield><marc:datafield tag="700" ind1="0" ind2=" "><marc:subfield code="a">Honorius,</marc:subfield><marc:subfield code="c">of Autun,</marc:subfield><marc:subfield code="d">ca. 1080-ca. 1156.</marc:subfield></marc:datafield><marc:datafield tag="856" ind1="4" ind2="1"><marc:subfield code="u">http://luna.folger.edu/luna/servlet/s/9ecid7</marc:subfield><marc:subfield code="z">Binding images and description for Folger Shakespeare Library INC A670</marc:subfield></marc:datafield><marc:datafield tag="950" ind1=" " ind2=" "><marc:subfield code="l">RARE</marc:subfield><marc:subfield code="h">12/07/93 C</marc:subfield></marc:datafield><marc:datafield tag="998" ind1=" " ind2=" "><marc:subfield code="a">09/20/94</marc:subfield><marc:subfield code="t">c</marc:subfield><marc:subfield code="s">9114</marc:subfield><marc:subfield code="n">DFo</marc:subfield><marc:subfield code="w">DCFG93B15229</marc:subfield><marc:subfield code="d">11/19/93</marc:subfield><marc:subfield code="c">ML</marc:subfield><marc:subfield code="b">MT</marc:subfield><marc:subfield code="l">DCFG</marc:subfield></marc:datafield></marc:record>