
<marc:record><marc:leader>03106cam a2200517 a 4500</marc:leader>
<marc:controlfield tag="001">90749</marc:controlfield>
<marc:controlfield tag="005">20110119170052.0</marc:controlfield><marc:controlfield tag="008">960409s1492    gw            000 0 lat d</marc:controlfield><marc:datafield tag="010" ind1=" " ind2=" "><marc:subfield code="a">   76516248 </marc:subfield></marc:datafield><marc:datafield tag="035" ind1=" " ind2=" "><marc:subfield code="9">DCFG96-B587</marc:subfield></marc:datafield><marc:datafield tag="040" ind1=" " ind2=" "><marc:subfield code="a">UPB</marc:subfield><marc:subfield code="c">UPB</marc:subfield><marc:subfield code="d">CStRLIN</marc:subfield><marc:subfield code="d">CSmH</marc:subfield><marc:subfield code="e">dcrb</marc:subfield><marc:subfield code="d">DFo</marc:subfield><marc:subfield code="d">UtOrBLW</marc:subfield></marc:datafield><marc:datafield tag="050" ind1="0" ind2="0"><marc:subfield code="a">Incun.1492</marc:subfield><marc:subfield code="b">.V47 Batchelder Coll.</marc:subfield><marc:subfield code="a">PA6801.A2</marc:subfield></marc:datafield><marc:datafield tag="090" ind1=" " ind2=" "><marc:subfield code="b">INC V168</marc:subfield><marc:subfield code="f">cs1720</marc:subfield><marc:subfield code="i">05/02/96 C</marc:subfield></marc:datafield><marc:datafield tag="240" ind1="1" ind2="0"><marc:subfield code="a">Works.</marc:subfield><marc:subfield code="f">1492</marc:subfield></marc:datafield><marc:datafield tag="245" ind1="1" ind2="0"><marc:subfield code="a">Publii Virgilii Maronis Opera :</marc:subfield><marc:subfield code="b">cum Seruii Mauri honorati grammatici, Aelii Donati, Christophori Landini, atq[ue] Domitii Calderini Co[m]mentariis.</marc:subfield></marc:datafield><marc:datafield tag="260" ind1=" " ind2=" "><marc:subfield code="a">Nurnberge imp[re]ssa :</marc:subfield><marc:subfield code="b">Impe[n]sis Anthonii Koberger,</marc:subfield><marc:subfield code="c">anno [Christ]i 1492.</marc:subfield></marc:datafield><marc:datafield tag="300" ind1=" " ind2=" "><marc:subfield code="a">[8], CCCXLV, [1] leaves ;</marc:subfield><marc:subfield code="c">32 cm. (fol.)</marc:subfield></marc:datafield><marc:datafield tag="500" ind1=" " ind2=" "><marc:subfield code="a">Leaf [2a]: Christophori landini flore[n]tini in. P. Vergilii interp[re]tat[i]o[n]es p[r]oemiu[m] ad Petru[m] medicu[m] magni Laure[n]ti filiu[m].</marc:subfield></marc:datafield><marc:datafield tag="500" ind1=" " ind2=" "><marc:subfield code="a">Title and imprint from colophon (leaf S7r).</marc:subfield></marc:datafield><marc:datafield tag="500" ind1=" " ind2=" "><marc:subfield code="a">&quot;Maronis vita&quot;:  preliminary leaves [6]r-[8]r.</marc:subfield></marc:datafield><marc:datafield tag="500" ind1=" " ind2=" "><marc:subfield code="a">Signatures: (1-5)⁸, a-h⁸, i-k⁶, l¹⁰, m-z⁸, &amp;⁸, [con]⁸, [rum]⁸, A-N⁸, O⁶, P-Q⁸, R⁶, S⁸.</marc:subfield></marc:datafield><marc:datafield tag="500" ind1=" " ind2=" "><marc:subfield code="a">First and last leaves are blank.</marc:subfield></marc:datafield><marc:datafield tag="500" ind1=" " ind2=" "><marc:subfield code="a">Printed with commentary surrounding the text; capital spaces, some with guide letters.</marc:subfield></marc:datafield><marc:datafield tag="500" ind1=" " ind2=" "><marc:subfield code="a">Head lines give names of poems and book numbers.</marc:subfield></marc:datafield><marc:datafield tag="510" ind1="4" ind2=" "><marc:subfield code="a">Goff</marc:subfield><marc:subfield code="c">V-188.</marc:subfield></marc:datafield><marc:datafield tag="510" ind1="4" ind2=" "><marc:subfield code="a">Copinger</marc:subfield><marc:subfield code="c">6070;</marc:subfield></marc:datafield><marc:datafield tag="510" ind1="4" ind2=" "><marc:subfield code="a">BM 15th cent.</marc:subfield><marc:subfield code="c">II, p. 436 (IB. 7441).</marc:subfield></marc:datafield><marc:datafield tag="590" ind1=" " ind2=" "><marc:subfield code="a">Folger copy lacks leaves e4-e5, and first and last leaves (blank); a few worm holes in first and last gatherings, slightly affecting text; outer margin of leaves q2 and q3 partially torn, affecting manuscript notes.</marc:subfield></marc:datafield><marc:datafield tag="590" ind1=" " ind2=" "><marc:subfield code="a">Initials on leaves [2], Ir, IIIv, and VIr, crudely handpainted at a later period.</marc:subfield></marc:datafield><marc:datafield tag="590" ind1=" " ind2=" "><marc:subfield code="a">Early manuscript notes in red and brown ink in several hands, some of them defaced by rubbing or partial washing of leaves, superseded by other early and extensive notes of commentary; addition of interlineary gloss in parts of Georgica and Aeneids; underlining, fists and a few corrections in text; other notes, in a later hand, refer to classics and to Pierre Petit's works in 6th book of Aeneids.</marc:subfield></marc:datafield><marc:datafield tag="590" ind1=" " ind2=" "><marc:subfield code="a">Monogrammed letters &quot;C T[or F?] L&quot; gold tooled on both covers; armorial bookplate &quot;Thomas Anson Esq. Shugborough&quot;; purchased in 1927 according to Mrs. Folger's files.</marc:subfield></marc:datafield><marc:datafield tag="590" ind1=" " ind2=" "><marc:subfield code="a">In a later half leather binding with paste paper sides; edges stained red.</marc:subfield></marc:datafield><marc:datafield tag="655" ind1=" " ind2="7"><marc:subfield code="a">Annotations (Provenance)</marc:subfield><marc:subfield code="2">rbprov</marc:subfield></marc:datafield><marc:datafield tag="655" ind1=" " ind2="7"><marc:subfield code="a">Paste papers (Binding)</marc:subfield><marc:subfield code="2">rbbin</marc:subfield></marc:datafield><marc:datafield tag="700" ind1="1" ind2=" "><marc:subfield code="a">Donatus, Aelius.</marc:subfield></marc:datafield><marc:datafield tag="700" ind1="1" ind2=" "><marc:subfield code="a">Landino, Cristoforo,</marc:subfield><marc:subfield code="d">1424-1504.</marc:subfield></marc:datafield><marc:datafield tag="700" ind1="1" ind2=" "><marc:subfield code="a">Calderino, Domizio,</marc:subfield><marc:subfield code="d">1447-1478.</marc:subfield></marc:datafield><marc:datafield tag="700" ind1="0" ind2=" "><marc:subfield code="a">C. T. L.,</marc:subfield><marc:subfield code="e">former owner.</marc:subfield></marc:datafield><marc:datafield tag="700" ind1="1" ind2=" "><marc:subfield code="a">Anson, Thomas,</marc:subfield><marc:subfield code="c">Viscount,</marc:subfield><marc:subfield code="d">1767-1818,</marc:subfield><marc:subfield code="e">former owner.</marc:subfield></marc:datafield><marc:datafield tag="700" ind1="1" ind2=" "><marc:subfield code="a">Koberger, Anton,</marc:subfield><marc:subfield code="d">ca. 1440-1513,</marc:subfield><marc:subfield code="e">printer.</marc:subfield></marc:datafield><marc:datafield tag="752" ind1="1" ind2="0"><marc:subfield code="d">Nuremberg.</marc:subfield></marc:datafield><marc:datafield tag="100" ind1="0" ind2=" "><marc:subfield code="a">Virgil.</marc:subfield></marc:datafield><marc:datafield tag="600" ind1="0" ind2="0"><marc:subfield code="a">Virgil.</marc:subfield></marc:datafield><marc:datafield tag="700" ind1="0" ind2=" "><marc:subfield code="a">Servius,</marc:subfield><marc:subfield code="d">4th cent.</marc:subfield><marc:subfield code="t">In Vergilii carmina commentarii.</marc:subfield></marc:datafield><marc:datafield tag="950" ind1=" " ind2=" "><marc:subfield code="l">RARE</marc:subfield><marc:subfield code="i">05/02/96 C</marc:subfield></marc:datafield><marc:datafield tag="998" ind1=" " ind2=" "><marc:subfield code="a">05/02/96</marc:subfield><marc:subfield code="t">c</marc:subfield><marc:subfield code="s">9115</marc:subfield><marc:subfield code="n">DFo</marc:subfield><marc:subfield code="w">CSHR95B648</marc:subfield><marc:subfield code="d">04/09/96</marc:subfield><marc:subfield code="c">ML</marc:subfield><marc:subfield code="b">ML</marc:subfield><marc:subfield code="l">DCFG</marc:subfield></marc:datafield></marc:record>