
<marc:record><marc:leader>03518cam a2200517 a 4500</marc:leader>
<marc:controlfield tag="001">90229</marc:controlfield>
<marc:controlfield tag="005">20120822114234.0</marc:controlfield><marc:controlfield tag="008">950222s1475    it            000 0 lat d</marc:controlfield><marc:datafield tag="035" ind1=" " ind2=" "><marc:subfield code="9">DCFG95-B588</marc:subfield></marc:datafield><marc:datafield tag="040" ind1=" " ind2=" "><marc:subfield code="a">DFo</marc:subfield><marc:subfield code="c">DFo</marc:subfield><marc:subfield code="e">dcrb</marc:subfield><marc:subfield code="d">UtOrBLW</marc:subfield></marc:datafield><marc:datafield tag="090" ind1=" " ind2=" "><marc:subfield code="b">INC J230</marc:subfield><marc:subfield code="t">6̃00</marc:subfield><marc:subfield code="t">7̃96-1</marc:subfield><marc:subfield code="i">02/28/95 C</marc:subfield></marc:datafield><marc:datafield tag="100" ind1="0" ind2=" "><marc:subfield code="a">Joannes Canonicus,</marc:subfield><marc:subfield code="d">fl. 1329.</marc:subfield></marc:datafield><marc:datafield tag="240" ind1="1" ind2="0"><marc:subfield code="a">Quaestiones super Physica Aristotelis</marc:subfield></marc:datafield><marc:datafield tag="245" ind1="1" ind2="0"><marc:subfield code="a">Expliciu[n]t Questionēs p[ro]fu[n]dissimi doctoris Iohannnis [sic] Canonici ordinis Mi[n]o[rum] sup[er] 8o libris phi[si]corum A[ristotelis] ...</marc:subfield></marc:datafield><marc:datafield tag="260" ind1=" " ind2=" "><marc:subfield code="a">Padue impresse :</marc:subfield><marc:subfield code="b">[Bono Gallo],</marc:subfield><marc:subfield code="c">1475o die 25 me[n]s[is] Aprilis.</marc:subfield></marc:datafield><marc:datafield tag="300" ind1=" " ind2=" "><marc:subfield code="a">[416] p. ;</marc:subfield><marc:subfield code="c">30 cm. (fol.)</marc:subfield></marc:datafield><marc:datafield tag="500" ind1=" " ind2=" "><marc:subfield code="a">Title from explicit (leaf [C]4r).</marc:subfield></marc:datafield><marc:datafield tag="500" ind1=" " ind2=" "><marc:subfield code="a">Author is variously identified with Johannes Marbres, canon of Tortosa, Petrus Casuelis, and others. Cf. BM 15th cent.</marc:subfield></marc:datafield><marc:datafield tag="500" ind1=" " ind2=" "><marc:subfield code="a">Place and date of publication from colophon (leaf [C]4r); publisher statement from Goff; Proctor and IGI assign the printing to Albertus de Stendal.</marc:subfield></marc:datafield><marc:datafield tag="500" ind1=" " ind2=" "><marc:subfield code="a">Signatures: a-b¹⁰, c-d⁸, [e-m]⁸, [n]⁶, [o-x]⁸, [y]¹⁰, [z]⁸, [A-B]⁸, [C]⁴.</marc:subfield></marc:datafield><marc:datafield tag="500" ind1=" " ind2=" "><marc:subfield code="a">Printed in 2 columns.</marc:subfield></marc:datafield><marc:datafield tag="500" ind1=" " ind2=" "><marc:subfield code="a">Capital spaces.</marc:subfield></marc:datafield><marc:datafield tag="500" ind1=" " ind2=" "><marc:subfield code="a">Hand-stamped signatures in quires a-d and a few in gatherings [q-s] (affected by trimming of edges in Folger copy).</marc:subfield></marc:datafield><marc:datafield tag="510" ind1="4" ind2=" "><marc:subfield code="a">Goff</marc:subfield><marc:subfield code="c">J-262.</marc:subfield></marc:datafield><marc:datafield tag="510" ind1="4" ind2=" "><marc:subfield code="a">BM 15th cent.,</marc:subfield><marc:subfield code="c">XII, p. 65 (IB.29951).</marc:subfield></marc:datafield><marc:datafield tag="510" ind1="4" ind2=" "><marc:subfield code="a">Polain</marc:subfield><marc:subfield code="c">4486.</marc:subfield></marc:datafield><marc:datafield tag="510" ind1="4" ind2=" "><marc:subfield code="a">Proctor</marc:subfield><marc:subfield code="c">6785.</marc:subfield></marc:datafield><marc:datafield tag="510" ind1="4" ind2=" "><marc:subfield code="a">IGI</marc:subfield><marc:subfield code="c">2411.</marc:subfield></marc:datafield><marc:datafield tag="590" ind1=" " ind2=" "><marc:subfield code="a">Folger copy: edges trimmed, affecting manuscript notes and hand-stamped signatures.</marc:subfield></marc:datafield><marc:datafield tag="590" ind1=" " ind2=" "><marc:subfield code="a">Initials in alternate red and blue with purple, red, or brown penwork infill; paragraph marks, also in alternate red and blue throughout the book.</marc:subfield></marc:datafield><marc:datafield tag="590" ind1=" " ind2=" "><marc:subfield code="a">Numerous manuscript finding notes, with some commentary notes, in different brown inks, ending in gathering [i], using many fists and brackets; manuscript headlines ending in gathering [k]; manuscript numbers 1-26 at foot of verso of last leaf of each gathering.</marc:subfield></marc:datafield><marc:datafield tag="590" ind1=" " ind2=" "><marc:subfield code="a">Inscription at head of leaf a1, defaced, partially illegible: &quot;Iste liber est ad vsu[m] Fris [...?] ordinis Mino[rum]&quot;; handcolored coat of arms at head of leaf b7r with initials (repeated) &quot;I.V.&quot;; a few notes in Italian and Latin on verso of last leaf, and name repeated in different monogammatic designs &quot;Ivlivs Virgines [?]&quot;; monogram label of Sir John H. Thorold and his Syston Park bookplate (no. 1044 in the Sotheby sale catalog of his library, Dec. 1884); pencilled note referring to the date of Charles Butler's sale (no. 2459 in the Sotheby sale catalog of his library, March 1912); bookplate of W.T. Smedley; purchased in 1924.</marc:subfield></marc:datafield><marc:datafield tag="590" ind1=" " ind2=" "><marc:subfield code="a">Green morocco binding, gold tooled (R. Storr); possible evidence of a tab on leaf [k]1.</marc:subfield></marc:datafield><marc:datafield tag="655" ind1=" " ind2="7"><marc:subfield code="a">Annotations (Provenance)</marc:subfield><marc:subfield code="2">rbprov</marc:subfield></marc:datafield><marc:datafield tag="700" ind1="1" ind2=" "><marc:subfield code="a">Storr, R.,</marc:subfield><marc:subfield code="e">binder.</marc:subfield></marc:datafield><marc:datafield tag="700" ind1="1" ind2=" "><marc:subfield code="a">Virgines, Julius,</marc:subfield><marc:subfield code="e">former owner.</marc:subfield></marc:datafield><marc:datafield tag="710" ind1="2" ind2=" "><marc:subfield code="a">Thorold Family Library,</marc:subfield><marc:subfield code="e">former owner.</marc:subfield></marc:datafield><marc:datafield tag="700" ind1="1" ind2=" "><marc:subfield code="a">Butler, Charles,</marc:subfield><marc:subfield code="d">1821-1910,</marc:subfield><marc:subfield code="e">former owner.</marc:subfield></marc:datafield><marc:datafield tag="700" ind1="1" ind2=" "><marc:subfield code="a">Smedley, William T.</marc:subfield><marc:subfield code="q">(William Thomas),</marc:subfield><marc:subfield code="d">b. 1851,</marc:subfield><marc:subfield code="e">former owner.</marc:subfield></marc:datafield><marc:datafield tag="700" ind1="1" ind2=" "><marc:subfield code="a">Gallo, Bono,</marc:subfield><marc:subfield code="d">fl. 1475-1479,</marc:subfield><marc:subfield code="e">printer.</marc:subfield></marc:datafield><marc:datafield tag="700" ind1="0" ind2=" "><marc:subfield code="a">Albertus,</marc:subfield><marc:subfield code="c">de Stendal,</marc:subfield><marc:subfield code="d">fl. 1473-1476,</marc:subfield><marc:subfield code="e">printer.</marc:subfield></marc:datafield><marc:datafield tag="752" ind1="1" ind2="0"><marc:subfield code="d">Padua.</marc:subfield></marc:datafield><marc:datafield tag="600" ind1="0" ind2="0"><marc:subfield code="a">Aristotle.</marc:subfield><marc:subfield code="t">Physics.</marc:subfield></marc:datafield><marc:datafield tag="856" ind1="4" ind2="1"><marc:subfield code="u">http://luna.folger.edu/luna/servlet/s/cn9zl4</marc:subfield><marc:subfield code="z">Binding images and description for Folger Shakespeare Library INC J230</marc:subfield></marc:datafield><marc:datafield tag="950" ind1=" " ind2=" "><marc:subfield code="l">RARE</marc:subfield><marc:subfield code="i">02/28/95 C</marc:subfield></marc:datafield><marc:datafield tag="998" ind1=" " ind2=" "><marc:subfield code="a">02/28/95</marc:subfield><marc:subfield code="t">c</marc:subfield><marc:subfield code="s">9114</marc:subfield><marc:subfield code="n">DFo</marc:subfield><marc:subfield code="w">DCFG95B588</marc:subfield><marc:subfield code="d">02/22/95</marc:subfield><marc:subfield code="c">ML</marc:subfield><marc:subfield code="b">MT</marc:subfield><marc:subfield code="l">DCFG</marc:subfield></marc:datafield></marc:record>