
<marc:record><marc:leader>02770cam a2200505 a 4500</marc:leader>
<marc:controlfield tag="001">95716</marc:controlfield>
<marc:controlfield tag="005">20120822113802.0</marc:controlfield><marc:controlfield tag="008">970402s1485    gw a          000 0 lat d</marc:controlfield><marc:datafield tag="035" ind1=" " ind2=" "><marc:subfield code="a">(CStRLIN)DCFG97-B420</marc:subfield></marc:datafield><marc:datafield tag="035" ind1=" " ind2=" "><marc:subfield code="a">95716</marc:subfield></marc:datafield><marc:datafield tag="040" ind1=" " ind2=" "><marc:subfield code="a">RPB</marc:subfield><marc:subfield code="c">RPB</marc:subfield><marc:subfield code="d">DFo</marc:subfield><marc:subfield code="e">dcrb</marc:subfield><marc:subfield code="d">UtOrBLW</marc:subfield></marc:datafield><marc:datafield tag="090" ind1=" " ind2=" "><marc:subfield code="b">\INC\H58\Massey</marc:subfield><marc:subfield code="f">245008</marc:subfield><marc:subfield code="i">04/07/97 C</marc:subfield></marc:datafield><marc:datafield tag="245" ind1="0" ind2="0"><marc:subfield code="a">Herbarius.</marc:subfield></marc:datafield><marc:datafield tag="246" ind1="3" ind2=" "><marc:subfield code="a">Herbarius latinus</marc:subfield></marc:datafield><marc:datafield tag="260" ind1=" " ind2=" "><marc:subfield code="a">Patauie impressus :</marc:subfield><marc:subfield code="b">[Johann Petri],</marc:subfield><marc:subfield code="c">anno Domi[ni] [et] cetera lxxxv. [1485]</marc:subfield></marc:datafield><marc:datafield tag="300" ind1=" " ind2=" "><marc:subfield code="a">[348] p. :</marc:subfield><marc:subfield code="b">ill. (woodcuts) ;</marc:subfield><marc:subfield code="c">22 cm. (4to)</marc:subfield></marc:datafield><marc:datafield tag="500" ind1=" " ind2=" "><marc:subfield code="a">With German synonyms.</marc:subfield></marc:datafield><marc:datafield tag="500" ind1=" " ind2=" "><marc:subfield code="a">Place and date of publication from title; publisher from Goff.</marc:subfield></marc:datafield><marc:datafield tag="500" ind1=" " ind2=" "><marc:subfield code="a">Signatures: [*]⁴, [a-u]⁸, [x]¹⁰.</marc:subfield></marc:datafield><marc:datafield tag="500" ind1=" " ind2=" "><marc:subfield code="a">150 woodcut pictures of plants; woodcuts 28 and 30 reversed; woodcuts numbered 96 and 148 printed upside down.</marc:subfield></marc:datafield><marc:datafield tag="500" ind1=" " ind2=" "><marc:subfield code="a">Leaf [t]8 is blank.</marc:subfield></marc:datafield><marc:datafield tag="500" ind1=" " ind2=" "><marc:subfield code="a">Capital spaces, with guide letters in last 2 gatherings.</marc:subfield></marc:datafield><marc:datafield tag="510" ind1="4" ind2=" "><marc:subfield code="a">Goff</marc:subfield><marc:subfield code="c">H-64.</marc:subfield></marc:datafield><marc:datafield tag="510" ind1="4" ind2=" "><marc:subfield code="a">BM 15th cent.,</marc:subfield><marc:subfield code="c">II, p. 616 (IA.11324).</marc:subfield></marc:datafield><marc:datafield tag="510" ind1="4" ind2=" "><marc:subfield code="a">Becher, K. Early herbals,</marc:subfield><marc:subfield code="c">7.</marc:subfield></marc:datafield><marc:datafield tag="510" ind1="4" ind2=" "><marc:subfield code="a">Klebs</marc:subfield><marc:subfield code="c">506.6.</marc:subfield></marc:datafield><marc:datafield tag="590" ind1=" " ind2=" "><marc:subfield code="a">Folger copy: woodcuts handcolored; capital strokes in title, and first initial on leaf [*]2r in red paint; initials provided in alternate red and blue in last 2 gatherings; inscription in red paint on leaf [m]6r, under woodcut of plant numbered &quot;cxiiij&quot; [i.e. 94].</marc:subfield></marc:datafield><marc:datafield tag="590" ind1=" " ind2=" "><marc:subfield code="a">A few manuscript &quot;Nota bene&quot; markings in margins, most of them reading &quot;NB legi p[er] totu[m]&quot;; German name of plant corrected in woodcut no. 36.</marc:subfield></marc:datafield><marc:datafield tag="590" ind1=" " ind2=" "><marc:subfield code="a">Inscriptions on t.p.: &quot;Coenobij Subensis&quot;; unidentified bookplate with &quot;Cerf. Berr. Pere.&quot; in a shield, a stag and a bear as supporters; gift of Mrs. Mary P. Massey (on deposit Jan. 1989).</marc:subfield></marc:datafield><marc:datafield tag="590" ind1=" " ind2=" "><marc:subfield code="a">In a 16th century pigskin binding, blind tooled with &quot;Spes&quot;, &quot;Fides&quot; and &quot;Caritas&quot; stamps and initials &quot;H.R.&quot;; two clasps; manuscript vellum fragments, one of them with neumes, used as spine reinforcement.</marc:subfield></marc:datafield><marc:datafield tag="650" ind1=" " ind2="0"><marc:subfield code="a">Herbals.</marc:subfield></marc:datafield><marc:datafield tag="650" ind1=" " ind2="0"><marc:subfield code="a">Herbs</marc:subfield><marc:subfield code="v">Early works to 1800.</marc:subfield></marc:datafield><marc:datafield tag="650" ind1=" " ind2="0"><marc:subfield code="a">Botany, Medical.</marc:subfield></marc:datafield><marc:datafield tag="655" ind1=" " ind2="7"><marc:subfield code="a">Annotations (Provenance)</marc:subfield><marc:subfield code="2">rbprov</marc:subfield></marc:datafield><marc:datafield tag="655" ind1=" " ind2="7"><marc:subfield code="a">Illustrated works</marc:subfield><marc:subfield code="y">15th and 16th centuries.</marc:subfield><marc:subfield code="2">rbgenr</marc:subfield></marc:datafield><marc:datafield tag="655" ind1=" " ind2="7"><marc:subfield code="a">Manuscript waste (Binding)</marc:subfield><marc:subfield code="2">rbbin</marc:subfield></marc:datafield><marc:datafield tag="655" ind1=" " ind2="7"><marc:subfield code="a">Pigskin bindings (Binding)</marc:subfield><marc:subfield code="y">16th century.</marc:subfield><marc:subfield code="2">rbbin</marc:subfield></marc:datafield><marc:datafield tag="700" ind1="0" ind2=" "><marc:subfield code="a">H. R.,</marc:subfield><marc:subfield code="e">binder.</marc:subfield><marc:subfield code="5">DFo</marc:subfield></marc:datafield><marc:datafield tag="710" ind1="2" ind2=" "><marc:subfield code="a">Augustinian canons (Suben am Inn, Austria),</marc:subfield><marc:subfield code="e">former owner.</marc:subfield><marc:subfield code="5">DFo</marc:subfield></marc:datafield><marc:datafield tag="700" ind1="1" ind2=" "><marc:subfield code="a">Massey, Mary P.,</marc:subfield><marc:subfield code="e">former owner.</marc:subfield><marc:subfield code="5">DFo</marc:subfield></marc:datafield><marc:datafield tag="700" ind1="1" ind2=" "><marc:subfield code="a">Petri, Johann,</marc:subfield><marc:subfield code="d">fl. 1485-1498,</marc:subfield><marc:subfield code="e">printer.</marc:subfield></marc:datafield><marc:datafield tag="752" ind1=" " ind2=" "><marc:subfield code="a">Germany</marc:subfield><marc:subfield code="d">Passau.</marc:subfield></marc:datafield><marc:datafield tag="856" ind1="4" ind2="1"><marc:subfield code="u">http://luna.folger.edu/luna/servlet/s/ief8s2</marc:subfield><marc:subfield code="z">Binding images and description for Folger Shakespeare Library INC H58</marc:subfield></marc:datafield><marc:datafield tag="998" ind1=" " ind2=" "><marc:subfield code="a">04/07/97</marc:subfield><marc:subfield code="t">c</marc:subfield><marc:subfield code="s">9114</marc:subfield><marc:subfield code="l">DCFG</marc:subfield><marc:subfield code="n">DFo</marc:subfield><marc:subfield code="w">RIBG82B5929</marc:subfield><marc:subfield code="d">04/02/97</marc:subfield><marc:subfield code="c">ML</marc:subfield><marc:subfield code="b">ML</marc:subfield></marc:datafield><marc:datafield tag="950" ind1=" " ind2=" "><marc:subfield code="l">RARE</marc:subfield><marc:subfield code="i">04/07/97 C</marc:subfield></marc:datafield></marc:record>