
<marc:record><marc:leader>02380cam a2200373 a 4500</marc:leader>
<marc:controlfield tag="001">90676</marc:controlfield>
<marc:controlfield tag="005">20120822135341.0</marc:controlfield><marc:controlfield tag="008">960226s1481    it            000 0 lat d</marc:controlfield><marc:datafield tag="035" ind1=" " ind2=" "><marc:subfield code="9">DCFG96-B216</marc:subfield></marc:datafield><marc:datafield tag="040" ind1=" " ind2=" "><marc:subfield code="a">DFo</marc:subfield><marc:subfield code="c">DFo</marc:subfield><marc:subfield code="e">dcrb</marc:subfield></marc:datafield><marc:datafield tag="240" ind1="1" ind2="0"><marc:subfield code="a">Elegiae</marc:subfield></marc:datafield><marc:datafield tag="245" ind1="1" ind2="0"><marc:subfield code="a">Albii tibulli, eq. Ro. poetae cl. Liber Prim[us] ...</marc:subfield></marc:datafield><marc:datafield tag="260" ind1=" " ind2=" "><marc:subfield code="a">Regii Lepidi accuratissi[m]e i[m]p[re]ssa [i.e. Reggio Emilio, Italy] :</marc:subfield><marc:subfield code="b">Auctorib[us] Prosp[er]o Odoardo &amp; Alberto Mazali Regie[n]sib[us],</marc:subfield><marc:subfield code="c">anno Sa. 1481 19 K[a]l[endas] Octo. [13 Sept.] ...</marc:subfield></marc:datafield><marc:datafield tag="300" ind1=" " ind2=" "><marc:subfield code="a">[212] p. (the last [2] p. blank) ;</marc:subfield><marc:subfield code="c">31 cm. (fol.)</marc:subfield></marc:datafield><marc:datafield tag="500" ind1=" " ind2=" "><marc:subfield code="a">Probably a reprint of the edition produced for De Colonia and Manthen by De Lavagnia, Milan, 1475.</marc:subfield></marc:datafield><marc:datafield tag="500" ind1=" " ind2=" "><marc:subfield code="a">Title from incipit (leaf a2r).</marc:subfield></marc:datafield><marc:datafield tag="500" ind1=" " ind2=" "><marc:subfield code="a">Includes Catullus' Carmina and Propertius' Elegiae.</marc:subfield></marc:datafield><marc:datafield tag="500" ind1=" " ind2=" "><marc:subfield code="a">Imprint from colophon (leaf p5v); the date &quot;i9 Kl' octo.&quot; stands either for 19 Oct. or 13 Sept. (i.e. Ides).</marc:subfield></marc:datafield><marc:datafield tag="500" ind1=" " ind2=" "><marc:subfield code="a">Signatures: a-c⁸ d² e⁸ f⁶ g-i⁸ K⁶ l-n⁸ o-p⁶; c1 unsigned; leaves p3.4,6 blank.</marc:subfield></marc:datafield><marc:datafield tag="510" ind1="4" ind2=" "><marc:subfield code="a">Goff</marc:subfield><marc:subfield code="c">T-367</marc:subfield></marc:datafield><marc:datafield tag="510" ind1="4" ind2=" "><marc:subfield code="a">BM 15th cent.,</marc:subfield><marc:subfield code="c">VII, p. 1087 (IB. 34021)</marc:subfield></marc:datafield><marc:datafield tag="510" ind1="4" ind2=" "><marc:subfield code="a">Hain-Copinger</marc:subfield><marc:subfield code="c">4757</marc:subfield></marc:datafield><marc:datafield tag="590" ind1=" " ind2=" "><marc:subfield code="a">Folger copy: leaves p3-p4, and p6 (blank), lacking.</marc:subfield></marc:datafield><marc:datafield tag="590" ind1=" " ind2=" "><marc:subfield code="a">In a red morocco binding, gold tooled; gilt edges.</marc:subfield></marc:datafield><marc:datafield tag="700" ind1="1" ind2="2"><marc:subfield code="a">Catullus, Gaius Valerius.</marc:subfield><marc:subfield code="t">Works.</marc:subfield><marc:subfield code="f">1481.</marc:subfield></marc:datafield><marc:datafield tag="700" ind1="1" ind2="2"><marc:subfield code="a">Propertius, Sextus.</marc:subfield><marc:subfield code="t">Elegiae.</marc:subfield><marc:subfield code="f">1481.</marc:subfield></marc:datafield><marc:datafield tag="710" ind1="2" ind2=" "><marc:subfield code="a">Thorold Family Library,</marc:subfield><marc:subfield code="e">former owner.</marc:subfield></marc:datafield><marc:datafield tag="700" ind1="1" ind2=" "><marc:subfield code="a">Dunn, George,</marc:subfield><marc:subfield code="d">1864-1912,</marc:subfield><marc:subfield code="e">former owner.</marc:subfield></marc:datafield><marc:datafield tag="700" ind1="1" ind2=" "><marc:subfield code="a">Mazalibus, Albertus de,</marc:subfield><marc:subfield code="d">fl. 1481-1487,</marc:subfield><marc:subfield code="e">printer.</marc:subfield></marc:datafield><marc:datafield tag="700" ind1="1" ind2=" "><marc:subfield code="a">Odoardus, Prosper,</marc:subfield><marc:subfield code="e">printer.</marc:subfield></marc:datafield><marc:datafield tag="752" ind1=" " ind2=" "><marc:subfield code="a">Italy</marc:subfield><marc:subfield code="d">Reggio Emilia.</marc:subfield></marc:datafield><marc:datafield tag="852" ind1="8" ind2=" "><marc:subfield code="b">DeckC-Rare</marc:subfield><marc:subfield code="h">INC T334</marc:subfield><marc:subfield code="x">ML 19960226; rev. DJL 20100823</marc:subfield><marc:subfield code="z">Blank leaves (p3.4,6) wanting. Inscription on leaf a1r, defaced, legible only in parts: Ex dono Domini Francisci pra[...? 150i?]; Syston Park bookplate and monogram booklabel of Sir John H. Thorold (no. 453 in the Sotheby sale catalog of the Syston Park library, Dec. 1884); booklabel of George Dunn, with his initials, date &quot;July 1899&quot;, and bibliographical notes pencilled on front flyleaf (no. 2313 in the Sotheby sale catalog of his library, Nov. 1917). In a red morocco binding, gold tooled; gilt edges.</marc:subfield></marc:datafield><marc:datafield tag="856" ind1="4" ind2="1"><marc:subfield code="u">http://luna.folger.edu/luna/servlet/s/9d9mhu</marc:subfield><marc:subfield code="z">Binding images and description for Folger Shakespeare Library INC T334</marc:subfield></marc:datafield><marc:datafield tag="100" ind1="0" ind2=" "><marc:subfield code="a">Tibullus.</marc:subfield></marc:datafield></marc:record>