
<marc:record><marc:leader>03072cam a2200409 a 4500</marc:leader>
<marc:controlfield tag="001">90185</marc:controlfield>
<marc:controlfield tag="005">20110119170021.0</marc:controlfield><marc:controlfield tag="008">950106s1468    it            000 0 lat d</marc:controlfield><marc:datafield tag="035" ind1=" " ind2=" "><marc:subfield code="9">DCFG95-B81</marc:subfield></marc:datafield><marc:datafield tag="040" ind1=" " ind2=" "><marc:subfield code="a">DFo</marc:subfield><marc:subfield code="c">DFo</marc:subfield><marc:subfield code="e">dcrb</marc:subfield></marc:datafield><marc:datafield tag="090" ind1=" " ind2=" "><marc:subfield code="b">INC H148</marc:subfield><marc:subfield code="n">:SL Fragment of 70 leaves only.</marc:subfield><marc:subfield code="t">6̃50</marc:subfield><marc:subfield code="t">7̃00</marc:subfield><marc:subfield code="t">7̃40</marc:subfield><marc:subfield code="t">7̃96-1</marc:subfield><marc:subfield code="i">01/27/95 C</marc:subfield><marc:subfield code="h">01/20/95 C</marc:subfield></marc:datafield><marc:datafield tag="240" ind1="0" ind2="0"><marc:subfield code="a">Correspondence</marc:subfield></marc:datafield><marc:datafield tag="245" ind1="1" ind2="0"><marc:subfield code="a">In hoc uolumine sunt Tractatus siue epistole numero centum et uiginti una non omnes tame[n] Sancti Hieronymi ...</marc:subfield></marc:datafield><marc:datafield tag="246" ind1="3" ind2="3"><marc:subfield code="a">Epistolae</marc:subfield></marc:datafield><marc:datafield tag="260" ind1=" " ind2=" "><marc:subfield code="a">Rome ... :</marc:subfield><marc:subfield code="b">[Konrad Sweynheim and Arnold Pannartz],</marc:subfield><marc:subfield code="c">anno Christi 1468 indictione prima, die uero xiii. mensis Decembris ...</marc:subfield></marc:datafield><marc:datafield tag="300" ind1=" " ind2=" "><marc:subfield code="a">2 v. ;</marc:subfield><marc:subfield code="c">40 cm. (fol.)</marc:subfield></marc:datafield><marc:datafield tag="500" ind1=" " ind2=" "><marc:subfield code="a">Title extracted from table (leaf *3r).</marc:subfield></marc:datafield><marc:datafield tag="500" ind1=" " ind2=" "><marc:subfield code="a">Edited by Giovanni Andrea Bussi.</marc:subfield></marc:datafield><marc:datafield tag="590" ind1=" " ind2=" "><marc:subfield code="a">Folger copy: fragment of vol. 1 only, totalling 70 leaves (description provided from BM 15th cent.).</marc:subfield></marc:datafield><marc:datafield tag="500" ind1=" " ind2=" "><marc:subfield code="a">This fragment is identifiable as the 1468 rather than 1470 ed. because the headings are not printed, but rather left to the rubricator.</marc:subfield></marc:datafield><marc:datafield tag="500" ind1=" " ind2=" "><marc:subfield code="a">Type corresponds to 115R, employed by Sweynheim and Pannartz at Rome, as described in BM 15th cent., IV, p. 4. It is not the 115R used by Arnold Pannartz for his 1476 first pt. of the Epistolae, which is distinguishable from the earlier type by a different &quot;a&quot;, and the addition of &quot;ȩ&quot;, alternative &quot;i&quot; (dotted), and of final &quot;s&quot; of the usual rounded kind (Cf. BM 15th cent., IV, p. 60). These characteristics are not present; moreover, the &quot;r&quot; has the straight shank without serif at base which did not change until the middle of 1470.</marc:subfield></marc:datafield><marc:datafield tag="510" ind1="4" ind2=" "><marc:subfield code="a">Goff</marc:subfield><marc:subfield code="c">H-161.</marc:subfield></marc:datafield><marc:datafield tag="510" ind1="4" ind2=" "><marc:subfield code="a">BM 15th cent.,</marc:subfield><marc:subfield code="c">IV, p. 5 (IC.17108).</marc:subfield></marc:datafield><marc:datafield tag="510" ind1="4" ind2=" "><marc:subfield code="a">Hain-Copinger-Reichling,</marc:subfield><marc:subfield code="c">8551.</marc:subfield></marc:datafield><marc:datafield tag="590" ind1=" " ind2=" "><marc:subfield code="a">Fragment contains (identified through comparison with the Venice 1488 ed. of the Epistolae): pt. of letter 6; letters 7-8; Treatise against Jovinianus, chapters 1-28, pt. of 29, pt. of 31, 32-37, pt. of 38 and 39, chapter 40, pt. of 41; pt. of letter 11; Dialogue against the Luciferians; pt. of the Dialogue against the Pelagians; pt. of letter 18 (2 leaves); letters 23-36; pt. of letter 37; pt. of letter 86; letters 87-96; pt. of letter 97.</marc:subfield></marc:datafield><marc:datafield tag="590" ind1=" " ind2=" "><marc:subfield code="a">A few manuscript indications of interruptions in text; manuscript numbering at head of 1st leaf of each gathering.</marc:subfield></marc:datafield><marc:datafield tag="590" ind1=" " ind2=" "><marc:subfield code="a">With: Jerome, Saint. Epistolarum Beati Hieronymi pars secunda. Impressa Rome : Per ... Georgiu[m] Laur de Herbipoli, sub anno D[omi]ni 1479 die uero Lune, q[ui]nta me[n]sis Aprilis ...</marc:subfield></marc:datafield><marc:datafield tag="590" ind1=" " ind2=" "><marc:subfield code="a">Bookplate of W.T. Smedley; purchased in 1924.</marc:subfield></marc:datafield><marc:datafield tag="650" ind1=" " ind2="0"><marc:subfield code="a">Theology</marc:subfield><marc:subfield code="x">History</marc:subfield><marc:subfield code="y">Early church, ca. 30-600.</marc:subfield></marc:datafield><marc:datafield tag="700" ind1="1" ind2=" "><marc:subfield code="a">Bussi, Giovanni Andrea,</marc:subfield><marc:subfield code="d">1417-1475.</marc:subfield></marc:datafield><marc:datafield tag="700" ind1="1" ind2=" "><marc:subfield code="a">Smedley, William T.</marc:subfield><marc:subfield code="q">(William Thomas),</marc:subfield><marc:subfield code="d">b. 1851,</marc:subfield><marc:subfield code="e">former owner.</marc:subfield></marc:datafield><marc:datafield tag="700" ind1="1" ind2=" "><marc:subfield code="a">Sweynheim, Konrad,</marc:subfield><marc:subfield code="d">d. 1477,</marc:subfield><marc:subfield code="e">printer.</marc:subfield></marc:datafield><marc:datafield tag="700" ind1="1" ind2=" "><marc:subfield code="a">Pannartz, Arnold,</marc:subfield><marc:subfield code="d">d. ca. 1476,</marc:subfield><marc:subfield code="e">printer.</marc:subfield></marc:datafield><marc:datafield tag="752" ind1="1" ind2="0"><marc:subfield code="d">Rome.</marc:subfield></marc:datafield><marc:datafield tag="100" ind1="0" ind2=" "><marc:subfield code="a">Jerome,</marc:subfield><marc:subfield code="c">Saint,</marc:subfield><marc:subfield code="d">d. 419 or 20.</marc:subfield></marc:datafield><marc:datafield tag="950" ind1=" " ind2=" "><marc:subfield code="l">RARE</marc:subfield><marc:subfield code="e">Bd.w. INC H155</marc:subfield><marc:subfield code="i">01/27/95 C</marc:subfield></marc:datafield><marc:datafield tag="998" ind1=" " ind2=" "><marc:subfield code="a">01/27/95</marc:subfield><marc:subfield code="t">c</marc:subfield><marc:subfield code="s">9114</marc:subfield><marc:subfield code="n">DFo</marc:subfield><marc:subfield code="w">DCFG95B81</marc:subfield><marc:subfield code="d">01/06/95</marc:subfield><marc:subfield code="c">ML</marc:subfield><marc:subfield code="b">MT</marc:subfield><marc:subfield code="l">DCFG</marc:subfield></marc:datafield></marc:record>