
<marc:record><marc:leader>03412cam a2200517 a 4500</marc:leader>
<marc:controlfield tag="001">89499</marc:controlfield>
<marc:controlfield tag="005">20110119165953.0</marc:controlfield><marc:controlfield tag="008">940113s1470    it            000 0 lat  </marc:controlfield><marc:datafield tag="010" ind1=" " ind2=" "><marc:subfield code="a">ca 18000695 </marc:subfield></marc:datafield><marc:datafield tag="035" ind1=" " ind2=" "><marc:subfield code="9">DCFG94-B249</marc:subfield></marc:datafield><marc:datafield tag="035" ind1=" " ind2=" "><marc:subfield code="a">89499</marc:subfield></marc:datafield><marc:datafield tag="040" ind1=" " ind2=" "><marc:subfield code="a">UPB</marc:subfield><marc:subfield code="c">UPB</marc:subfield><marc:subfield code="d">CStRLIN</marc:subfield><marc:subfield code="d">DFo</marc:subfield><marc:subfield code="e">dcrb</marc:subfield><marc:subfield code="d">UtOrBLW</marc:subfield></marc:datafield><marc:datafield tag="050" ind1="0" ind2="0"><marc:subfield code="a">Incun.1470</marc:subfield><marc:subfield code="b">.A92</marc:subfield></marc:datafield><marc:datafield tag="090" ind1=" " ind2=" "><marc:subfield code="b">INC A1091</marc:subfield><marc:subfield code="f">222702</marc:subfield><marc:subfield code="t">7̃96-1</marc:subfield><marc:subfield code="t">7̃96-2</marc:subfield><marc:subfield code="t">7̃96-3</marc:subfield><marc:subfield code="i">08/09/94 N</marc:subfield><marc:subfield code="h">06/02/94 N</marc:subfield><marc:subfield code="h">02/25/94 C</marc:subfield></marc:datafield><marc:datafield tag="240" ind1="1" ind2="0"><marc:subfield code="a">De civitate Dei</marc:subfield></marc:datafield><marc:datafield tag="245" ind1="1" ind2="0"><marc:subfield code="a">Aurelii Augustini Hipponen[sis] Episcopi De ciuitate Dei primi libri incipiunt rubrice.</marc:subfield></marc:datafield><marc:datafield tag="260" ind1=" " ind2=" "><marc:subfield code="a">Rome impresserunt :</marc:subfield><marc:subfield code="b">Co[n]radus Suueynheym, Arnoldus Pa[n]nartzq[ue] magistri ...,</marc:subfield><marc:subfield code="c">1470.</marc:subfield></marc:datafield><marc:datafield tag="300" ind1=" " ind2=" "><marc:subfield code="a">[588] p. ;</marc:subfield><marc:subfield code="c">40 cm. (fol.).</marc:subfield></marc:datafield><marc:datafield tag="500" ind1=" " ind2=" "><marc:subfield code="a">Title from incipit of table (leaf [*]2r); imprint from colophon (leaf [G]8r), which reads: ... Cõradus suueynheym: Arnoldus pãnartzq; magistri Rome impresserunt talia multa simul ... M.CCCCLXX.</marc:subfield></marc:datafield><marc:datafield tag="500" ind1=" " ind2=" "><marc:subfield code="a">Signatures: [*]-[**]⁸, [a-c]¹⁰,[d-f]⁸, [g-i]¹⁰, [k-m]⁸, [n-q]¹⁰, [r-s]⁸, [t-x]¹⁰, [y-z]⁸, [A]⁸, [B-C]¹⁰, [D]¹², [E]¹⁰, [F]⁸, [G]¹⁰.</marc:subfield></marc:datafield><marc:datafield tag="500" ind1=" " ind2=" "><marc:subfield code="a">Printed in a single column; capital spaces.</marc:subfield></marc:datafield><marc:datafield tag="500" ind1=" " ind2=" "><marc:subfield code="a">Roman type.</marc:subfield></marc:datafield><marc:datafield tag="500" ind1=" " ind2=" "><marc:subfield code="a">Leaves [*]1, [**]8, [G]9 and [G]10 are blank.</marc:subfield></marc:datafield><marc:datafield tag="510" ind1="4" ind2=" "><marc:subfield code="a">GW</marc:subfield><marc:subfield code="c">2876.</marc:subfield></marc:datafield><marc:datafield tag="510" ind1="4" ind2=" "><marc:subfield code="a">BM 15th cent.,</marc:subfield><marc:subfield code="c">IV, p. 10-11 (IC.17149)</marc:subfield></marc:datafield><marc:datafield tag="510" ind1="4" ind2=" "><marc:subfield code="a">Goff</marc:subfield><marc:subfield code="c">A-1232.</marc:subfield></marc:datafield><marc:datafield tag="500" ind1=" " ind2=" "><marc:subfield code="a">&quot;Augustinus De ciuitate Dei is the first item of Schedel's list, a position which suggests that a remainder of the 1468 ed. is there referred to rather than the present ed. On the other hand, the price (5 ducats) suits a book of 294 leaves better than one of 274 leaves, and as it has the early form of &quot;r,&quot; it must belong to the early part of 1470 and is thus presumably early enough to be included in the list&quot;--BM 15 cent., IV, p. 11.</marc:subfield></marc:datafield><marc:datafield tag="590" ind1=" " ind2=" "><marc:subfield code="a">Folger copy: leaves [*]1, [G]9 and [G]10, blank, lacking.</marc:subfield></marc:datafield><marc:datafield tag="590" ind1=" " ind2=" "><marc:subfield code="a">Two large initials (15 and 9 lines) painted in gold and colors on leaf [a]1r, with floral design.</marc:subfield></marc:datafield><marc:datafield tag="590" ind1=" " ind2=" "><marc:subfield code="a">Initials rubricated in alternate red and blue; paragraph marks at head of each chapter also in alternate red and blue (in table paragraph marks in alternate red and blue at head of title, number, and first word of each chapter); manuscript guide letters in brown ink under rubricated letters.</marc:subfield></marc:datafield><marc:datafield tag="590" ind1=" " ind2=" "><marc:subfield code="a">Early manuscript notes, fists and brackets, some figurative, in brown ink; numbering of books also provided by hand at the top of each leaf.</marc:subfield></marc:datafield><marc:datafield tag="590" ind1=" " ind2=" "><marc:subfield code="a">Coat of arms of Roberto Folchi  of Florence on leaf [a]1r in a wreath with bishop miter, painted in gold and colors; later inscription &quot;Di Antonio Orsetti&quot; on back endpaper; bookplate of Mr. and Mrs. H. Dunscombe Colt.</marc:subfield></marc:datafield><marc:datafield tag="590" ind1=" " ind2=" "><marc:subfield code="a">Gift of Mrs. H. Dunscombe Colt--25 February 1982.</marc:subfield></marc:datafield><marc:datafield tag="590" ind1=" " ind2=" "><marc:subfield code="a">Repaired.</marc:subfield></marc:datafield><marc:datafield tag="655" ind1=" " ind2="7"><marc:subfield code="a">Illuminations.</marc:subfield><marc:subfield code="2">gmgpc</marc:subfield></marc:datafield><marc:datafield tag="655" ind1=" " ind2="7"><marc:subfield code="a">Annotations (Provenance)</marc:subfield><marc:subfield code="2">rbprov</marc:subfield></marc:datafield><marc:datafield tag="700" ind1="1" ind2=" "><marc:subfield code="a">Orsetti, Antonio,</marc:subfield><marc:subfield code="e">former owner.</marc:subfield></marc:datafield><marc:datafield tag="700" ind1="1" ind2=" "><marc:subfield code="a">Colt, Harris Dunscombe,</marc:subfield><marc:subfield code="e">former owner.</marc:subfield><marc:subfield code="5">DFo</marc:subfield></marc:datafield><marc:datafield tag="700" ind1="1" ind2=" "><marc:subfield code="a">Colt, Armida Maria-Theresa,</marc:subfield><marc:subfield code="e">former owner.</marc:subfield><marc:subfield code="5">DFo</marc:subfield></marc:datafield><marc:datafield tag="700" ind1="1" ind2=" "><marc:subfield code="a">Folchi, Roberto, Bishop of Fiesole,</marc:subfield><marc:subfield code="e">former owner.</marc:subfield><marc:subfield code="5">DFo</marc:subfield></marc:datafield><marc:datafield tag="700" ind1="1" ind2=" "><marc:subfield code="a">Sweynheim, Konrad,</marc:subfield><marc:subfield code="d">d. 1477,</marc:subfield><marc:subfield code="e">printer.</marc:subfield></marc:datafield><marc:datafield tag="700" ind1="1" ind2=" "><marc:subfield code="a">Pannartz, Arnold,</marc:subfield><marc:subfield code="d">d. ca. 1476,</marc:subfield><marc:subfield code="e">printer.</marc:subfield></marc:datafield><marc:datafield tag="752" ind1=" " ind2=" "><marc:subfield code="a">Italy</marc:subfield><marc:subfield code="d">Rome.</marc:subfield></marc:datafield><marc:datafield tag="100" ind1="0" ind2=" "><marc:subfield code="a">Augustine,</marc:subfield><marc:subfield code="c">Saint, Bishop of Hippo.</marc:subfield></marc:datafield><marc:datafield tag="950" ind1=" " ind2=" "><marc:subfield code="l">RARE</marc:subfield><marc:subfield code="e">copy 1</marc:subfield><marc:subfield code="h">02/25/94 C</marc:subfield></marc:datafield><marc:datafield tag="998" ind1=" " ind2=" "><marc:subfield code="a">08/09/94</marc:subfield><marc:subfield code="t">c</marc:subfield><marc:subfield code="s">9115</marc:subfield><marc:subfield code="n">DFo</marc:subfield><marc:subfield code="w">DCFG94B289</marc:subfield><marc:subfield code="d">01/13/94</marc:subfield><marc:subfield code="c">ML</marc:subfield><marc:subfield code="b">MT</marc:subfield><marc:subfield code="l">DCFG</marc:subfield></marc:datafield></marc:record>