
<marc:record><marc:leader>01769cam a2200349 a 4500</marc:leader>
<marc:controlfield tag="001">79734</marc:controlfield>
<marc:controlfield tag="005">20110119165451.0</marc:controlfield><marc:controlfield tag="008">920825s1476    it            000 0 lat d</marc:controlfield><marc:datafield tag="035" ind1=" " ind2=" "><marc:subfield code="9">DCFG92-B5290</marc:subfield></marc:datafield><marc:datafield tag="040" ind1=" " ind2=" "><marc:subfield code="a">DFo</marc:subfield><marc:subfield code="c">DFo</marc:subfield><marc:subfield code="e">dcrb</marc:subfield></marc:datafield><marc:datafield tag="041" ind1="1" ind2=" "><marc:subfield code="a">lat</marc:subfield><marc:subfield code="h">grc</marc:subfield></marc:datafield><marc:datafield tag="090" ind1=" " ind2=" "><marc:subfield code="b">INC O63</marc:subfield><marc:subfield code="f">cs231</marc:subfield><marc:subfield code="i">07/28/95 N</marc:subfield><marc:subfield code="h">08/25/94 X</marc:subfield><marc:subfield code="h">02/25/93 C</marc:subfield></marc:datafield><marc:datafield tag="245" ind1="0" ind2="0"><marc:subfield code="a">Oratiunculae de Co[m]munione Corporis Domini nostri Iesu Christi, e magno Basilio &amp; Ioa[n]ne Chrisostomo /</marc:subfield><marc:subfield code="c">in Latinu[m] sermone[m] traductae a Francisco Rhola[n]dello Tar. poeta, ad Fridericu[m] Tertiu[m] imperatore[m] pientissimu[m] &amp; i[n]uictissimu[m] foelici[ter] i[n]cipiu[n]t.</marc:subfield></marc:datafield><marc:datafield tag="260" ind1=" " ind2=" "><marc:subfield code="a">Taruisii :</marc:subfield><marc:subfield code="b">Gerardus de Flandria me impressit,</marc:subfield><marc:subfield code="c">anno salutis 1476, VI Kal. Sextil. [27 July]</marc:subfield></marc:datafield><marc:datafield tag="300" ind1=" " ind2=" "><marc:subfield code="a">[36] p. ;</marc:subfield><marc:subfield code="c">15 cm. (8vo)</marc:subfield></marc:datafield><marc:datafield tag="500" ind1=" " ind2=" "><marc:subfield code="a">Title from incipit (leaf a1r).</marc:subfield></marc:datafield><marc:datafield tag="500" ind1=" " ind2=" "><marc:subfield code="a">Imprint from colophon, which reads: Anno Salutis .M. CCCC. .LXXVI. VI. Kal. Sextil. Gerardus de Flandria me impressit Taruisii.</marc:subfield></marc:datafield><marc:datafield tag="500" ind1=" " ind2=" "><marc:subfield code="a">Signatures: a¹⁰, b⁸.</marc:subfield></marc:datafield><marc:datafield tag="500" ind1=" " ind2=" "><marc:subfield code="a">Capital spaces with guide letters (3, 2 and 1 lines).</marc:subfield></marc:datafield><marc:datafield tag="500" ind1=" " ind2=" "><marc:subfield code="a">Measurement of the printed p. (a2r): 17 lines, 87 (91) x 65 mm.</marc:subfield></marc:datafield><marc:datafield tag="500" ind1=" " ind2=" "><marc:subfield code="a">Type of text follows description of type 102 R in BM 15th cent., VI, p. 882 (plate LXX*).</marc:subfield></marc:datafield><marc:datafield tag="510" ind1="4" ind2=" "><marc:subfield code="a">Goff</marc:subfield><marc:subfield code="c">O-70.</marc:subfield></marc:datafield><marc:datafield tag="510" ind1="4" ind2=" "><marc:subfield code="a">Rhodes, D. Treviso,</marc:subfield><marc:subfield code="c">23.</marc:subfield></marc:datafield><marc:datafield tag="590" ind1=" " ind2=" "><marc:subfield code="a">Manuscript numbering added in brown ink at beginning of each oration.</marc:subfield></marc:datafield><marc:datafield tag="650" ind1=" " ind2="0"><marc:subfield code="a">Lord's Supper.</marc:subfield></marc:datafield><marc:datafield tag="700" ind1="0" ind2=" "><marc:subfield code="a">John Chrysostom,</marc:subfield><marc:subfield code="c">Saint,</marc:subfield><marc:subfield code="d">d. 407.</marc:subfield></marc:datafield><marc:datafield tag="700" ind1="1" ind2=" "><marc:subfield code="a">Rhollandellus, Franciscus,</marc:subfield><marc:subfield code="d">fl. 1476.</marc:subfield></marc:datafield><marc:datafield tag="700" ind1="1" ind2=" "><marc:subfield code="a">Leye, Geraert van der,</marc:subfield><marc:subfield code="d">fl. 1471-1498,</marc:subfield><marc:subfield code="e">printer.</marc:subfield></marc:datafield><marc:datafield tag="752" ind1="1" ind2="0"><marc:subfield code="d">Treviso.</marc:subfield></marc:datafield><marc:datafield tag="700" ind1="0" ind2=" "><marc:subfield code="a">Basil,</marc:subfield><marc:subfield code="c">Saint, Bishop of Caesarea,</marc:subfield><marc:subfield code="d">ca. 329-379.</marc:subfield></marc:datafield><marc:datafield tag="950" ind1=" " ind2=" "><marc:subfield code="l">RARE</marc:subfield><marc:subfield code="h">02/25/93 C</marc:subfield></marc:datafield><marc:datafield tag="998" ind1=" " ind2=" "><marc:subfield code="a">07/28/95</marc:subfield><marc:subfield code="t">c</marc:subfield><marc:subfield code="s">9114</marc:subfield><marc:subfield code="n">DFo</marc:subfield><marc:subfield code="w">DCFG92B5290</marc:subfield><marc:subfield code="d">08/25/92</marc:subfield><marc:subfield code="c">ML</marc:subfield><marc:subfield code="b">MT</marc:subfield><marc:subfield code="l">DCFG</marc:subfield></marc:datafield></marc:record>