
<marc:record><marc:leader>03917cam a2200541 a 4500</marc:leader>
<marc:controlfield tag="001">89328</marc:controlfield>
<marc:controlfield tag="005">20110119165949.0</marc:controlfield><marc:controlfield tag="008">931124s1476    it            000 0 lat d</marc:controlfield><marc:datafield tag="035" ind1=" " ind2=" "><marc:subfield code="9">DCFG93-B15363</marc:subfield></marc:datafield><marc:datafield tag="040" ind1=" " ind2=" "><marc:subfield code="a">DFo</marc:subfield><marc:subfield code="c">DFo</marc:subfield><marc:subfield code="e">dcrb</marc:subfield><marc:subfield code="d">UtOrBLW</marc:subfield></marc:datafield><marc:datafield tag="090" ind1=" " ind2=" "><marc:subfield code="b">INC A711</marc:subfield><marc:subfield code="f">cs918</marc:subfield><marc:subfield code="t">6̃50</marc:subfield><marc:subfield code="t">7̃40</marc:subfield><marc:subfield code="i">12/07/93 C</marc:subfield></marc:datafield><marc:datafield tag="240" ind1="1" ind2="0"><marc:subfield code="a">Defecerunt scrutantes scrutinio</marc:subfield></marc:datafield><marc:datafield tag="245" ind1="1" ind2="0"><marc:subfield code="a">Incipit Summula [con]fessio[n]is vtilissima :</marc:subfield><marc:subfield code="b">in qua agit[ur] quomo[do] se habere debeat confessor erga penitentem in co[n]fessionibus audiendis /</marc:subfield><marc:subfield code="c">quam edidit reuerendissim[us] vir, ac in Christo Pater domin[us] Frater Antoni[nus] Archiep[iscopu]s Floren[tinus], ordinis Fratru[m] Predicatoru[m].</marc:subfield></marc:datafield><marc:datafield tag="246" ind1="3" ind2="3"><marc:subfield code="a">Summa confessionum</marc:subfield></marc:datafield><marc:datafield tag="246" ind1="3" ind2="3"><marc:subfield code="a">Summula [con]fessio[n]is vtilissima</marc:subfield></marc:datafield><marc:datafield tag="246" ind1="3" ind2="3"><marc:subfield code="a">Confessionale</marc:subfield></marc:datafield><marc:datafield tag="246" ind1="3" ind2="3"><marc:subfield code="a">Titulus de restitutionibus</marc:subfield></marc:datafield><marc:datafield tag="260" ind1=" " ind2=" "><marc:subfield code="a">Uenetijs :</marc:subfield><marc:subfield code="b">... cui[us] vtilitatis p[re]textu Ioha[n]nis de Colonia Agrippine[n]si, at Iohannis Manthen de Gherretzhem eo[rum] ductu [et] impe[n]sa, eãde[m] impressio[n]i expone[re] conati su[n]t,</marc:subfield><marc:subfield code="c">1476.</marc:subfield></marc:datafield><marc:datafield tag="300" ind1=" " ind2=" "><marc:subfield code="a">[204] p. ;</marc:subfield><marc:subfield code="c">24 cm. (4to)</marc:subfield></marc:datafield><marc:datafield tag="500" ind1=" " ind2=" "><marc:subfield code="a">Includes Titulus de restitutionibus.</marc:subfield></marc:datafield><marc:datafield tag="500" ind1=" " ind2=" "><marc:subfield code="a">Title from incipit (leaf a2r).</marc:subfield></marc:datafield><marc:datafield tag="500" ind1=" " ind2=" "><marc:subfield code="a">Imprint from colophon (leaf l7r).</marc:subfield></marc:datafield><marc:datafield tag="500" ind1=" " ind2=" "><marc:subfield code="a">Signatures: a-e¹⁰, f⁸, g-i¹⁰, k⁶, l⁸.</marc:subfield></marc:datafield><marc:datafield tag="500" ind1=" " ind2=" "><marc:subfield code="a">Printed in 2 columns.</marc:subfield></marc:datafield><marc:datafield tag="500" ind1=" " ind2=" "><marc:subfield code="a">Capital spaces with guide letters.</marc:subfield></marc:datafield><marc:datafield tag="500" ind1=" " ind2=" "><marc:subfield code="a">Catchwords at the end of most quires.</marc:subfield></marc:datafield><marc:datafield tag="500" ind1=" " ind2=" "><marc:subfield code="a">Leaves a1 and l8 are blank.</marc:subfield></marc:datafield><marc:datafield tag="510" ind1="4" ind2=" "><marc:subfield code="a">Goff</marc:subfield><marc:subfield code="c">A-803.</marc:subfield></marc:datafield><marc:datafield tag="510" ind1="4" ind2=" "><marc:subfield code="a">BM 15th cent.,</marc:subfield><marc:subfield code="c">V, p. 226 (IA. 20277).</marc:subfield></marc:datafield><marc:datafield tag="510" ind1="4" ind2=" "><marc:subfield code="a">GW</marc:subfield><marc:subfield code="c">2106.</marc:subfield></marc:datafield><marc:datafield tag="590" ind1=" " ind2=" "><marc:subfield code="a">Folger copy: leaves a1 and l8, blank, lacking.</marc:subfield></marc:datafield><marc:datafield tag="590" ind1=" " ind2=" "><marc:subfield code="a">All initials rubricated in alternate red and blue with purple or red penwork infill and extension; large initials on leaves a2r, b1v and b6r, rubricated in red or blue with purple or red penwork infill (and other colors on leaf a2r) and extension into the borders of the page; paragraph marks also provided in alternate red and blue throughout the book except from leaves h8v to k1r; capital strokes provided in yellow throughout; numbering of leaves 2-101, reading &quot;I&quot; to &quot;99&quot; (leaf 100 unnumbered; leaf 101 numbered 99).</marc:subfield></marc:datafield><marc:datafield tag="590" ind1=" " ind2=" "><marc:subfield code="a">A few early manuscript notes and fists in different hands; also some corrections in the text in brown ink; several sets of manuscript notes on front flyleaf, on leaf l7v and on back flyleaves (2 of them are pastedowns from the original binding), relating to the privileges confirmed by Pope Sixtus IV to the orders of the Dominicans and the Minims, and an indulgence following a mark of ownership dated 6 Jan. 1482.</marc:subfield></marc:datafield><marc:datafield tag="590" ind1=" " ind2=" "><marc:subfield code="a">Several marks of ownership: on leaf a2r, inscriptions reading &quot;Est [Conuen]tus S. apolinaris ex[tra] muros papiã ordĩs p[rae]dica[torum]&quot; and in a fainter ink &quot;Est Conuentus sti Thomè Papiã&quot; partially obliterated by circular bookstamp &quot;Museo Cavaleri&quot;; preceding the indulgence and other notes on pastedown from earlier binding, inscription &quot;Mo cccc lxxxij die vj Ianuarij, Iste libellus [con]cessus est michi Frĩ Apolinari de g[...?] ad usum p. uen[e]rabilem prẽm frẽm in[no]centiu[m] de ualentia [...]&quot;.</marc:subfield></marc:datafield><marc:datafield tag="650" ind1=" " ind2="0"><marc:subfield code="a">Theology.</marc:subfield></marc:datafield><marc:datafield tag="650" ind1=" " ind2="0"><marc:subfield code="a">Canon law.</marc:subfield></marc:datafield><marc:datafield tag="655" ind1=" " ind2="7"><marc:subfield code="a">Annotations (Provenance)</marc:subfield><marc:subfield code="2">rbprov</marc:subfield></marc:datafield><marc:datafield tag="710" ind1="2" ind2=" "><marc:subfield code="a">Conventus S. Apollinaris (Pavia, Italy),</marc:subfield><marc:subfield code="e">former owner.</marc:subfield></marc:datafield><marc:datafield tag="710" ind1="2" ind2=" "><marc:subfield code="a">Conventus S. Thomae (Pavia, Italy),</marc:subfield><marc:subfield code="e">former owner.</marc:subfield></marc:datafield><marc:datafield tag="700" ind1="1" ind2=" "><marc:subfield code="a">Cavaleri, Michele,</marc:subfield><marc:subfield code="e">former owner.</marc:subfield></marc:datafield><marc:datafield tag="700" ind1="1" ind2=" "><marc:subfield code="a">Manthen, Johann,</marc:subfield><marc:subfield code="d">fl. 1471-1481,</marc:subfield><marc:subfield code="e">printer.</marc:subfield></marc:datafield><marc:datafield tag="752" ind1="1" ind2="0"><marc:subfield code="d">Venice.</marc:subfield></marc:datafield><marc:datafield tag="100" ind1="0" ind2=" "><marc:subfield code="a">Antoninus,</marc:subfield><marc:subfield code="c">Saint, Archbishop of Florence,</marc:subfield><marc:subfield code="d">1389-1459.</marc:subfield></marc:datafield><marc:datafield tag="700" ind1="0" ind2="2"><marc:subfield code="a">Antoninus,</marc:subfield><marc:subfield code="c">Saint, Archbishop of Florence,</marc:subfield><marc:subfield code="d">1389-1459.</marc:subfield><marc:subfield code="t">Titulus de restitutionibus.</marc:subfield><marc:subfield code="f">1476.</marc:subfield></marc:datafield><marc:datafield tag="700" ind1="1" ind2=" "><marc:subfield code="a">Innocentius,</marc:subfield><marc:subfield code="c">de Valentia,</marc:subfield><marc:subfield code="d">fl. 1482,</marc:subfield><marc:subfield code="e">former owner.</marc:subfield></marc:datafield><marc:datafield tag="700" ind1="0" ind2=" "><marc:subfield code="a">Johann,</marc:subfield><marc:subfield code="c">von Köln,</marc:subfield><marc:subfield code="d">fl. 1471-1491,</marc:subfield><marc:subfield code="e">printer.</marc:subfield></marc:datafield><marc:datafield tag="950" ind1=" " ind2=" "><marc:subfield code="l">RARE</marc:subfield><marc:subfield code="i">12/07/93 C</marc:subfield></marc:datafield><marc:datafield tag="998" ind1=" " ind2=" "><marc:subfield code="a">12/07/93</marc:subfield><marc:subfield code="t">c</marc:subfield><marc:subfield code="s">9114</marc:subfield><marc:subfield code="n">DFo</marc:subfield><marc:subfield code="w">DCFG93B15363</marc:subfield><marc:subfield code="d">11/24/93</marc:subfield><marc:subfield code="c">ML</marc:subfield><marc:subfield code="b">MT</marc:subfield><marc:subfield code="l">DCFG</marc:subfield></marc:datafield></marc:record>