
<marc:record><marc:leader>03810cam a2200565 a 4500</marc:leader>
<marc:controlfield tag="001">89272</marc:controlfield>
<marc:controlfield tag="005">20120821143946.0</marc:controlfield><marc:controlfield tag="008">931110s1492    it            001 0 lat d</marc:controlfield><marc:datafield tag="035" ind1=" " ind2=" "><marc:subfield code="9">DCFG93-B15079</marc:subfield></marc:datafield><marc:datafield tag="040" ind1=" " ind2=" "><marc:subfield code="a">DFo</marc:subfield><marc:subfield code="c">DFo</marc:subfield><marc:subfield code="e">dcrb</marc:subfield><marc:subfield code="d">UtOrBLW</marc:subfield></marc:datafield><marc:datafield tag="090" ind1=" " ind2=" "><marc:subfield code="b">INC A636</marc:subfield><marc:subfield code="n">:700 FOR OTHER EDITIONS, SEE MAIN ENTRY.</marc:subfield><marc:subfield code="f">cs659</marc:subfield><marc:subfield code="t">6̃50</marc:subfield><marc:subfield code="t">7̃55</marc:subfield><marc:subfield code="i">06/01/94 N</marc:subfield><marc:subfield code="h">05/31/94 N</marc:subfield><marc:subfield code="h">11/19/93 C</marc:subfield></marc:datafield><marc:datafield tag="100" ind1="0" ind2=" "><marc:subfield code="a">Angelo Carletti,</marc:subfield><marc:subfield code="d">1411-1495.</marc:subfield></marc:datafield><marc:datafield tag="240" ind1="0" ind2="0"><marc:subfield code="a">Summa angelica</marc:subfield></marc:datafield><marc:datafield tag="245" ind1="1" ind2="0"><marc:subfield code="a">Summa Angelica.</marc:subfield></marc:datafield><marc:datafield tag="260" ind1=" " ind2=" "><marc:subfield code="a">Uenetijs i[m]pressa :</marc:subfield><marc:subfield code="b">[Per] Georgiu[m] de Arrivabenis Mantuanu[m],</marc:subfield><marc:subfield code="c">anno D[omi]ni M.cccc. nonagesimo, secundo, die vero quarto Iunij [4 June 1492]</marc:subfield></marc:datafield><marc:datafield tag="300" ind1=" " ind2=" "><marc:subfield code="a">[8], 519, [1], 12 leaves ;</marc:subfield><marc:subfield code="c">19 cm. (8vo)</marc:subfield></marc:datafield><marc:datafield tag="500" ind1=" " ind2=" "><marc:subfield code="a">Additions by Girolamo Tornielli.</marc:subfield></marc:datafield><marc:datafield tag="500" ind1=" " ind2=" "><marc:subfield code="a">Each of the 45 quires of the edition (except the last?) presents at least three different settings, and their random assembly makes no copy exactly the same as another. Cf. CIBN A-389.</marc:subfield></marc:datafield><marc:datafield tag="500" ind1=" " ind2=" "><marc:subfield code="a">&quot;Epistola. F. Hieronymi tornieli lectoris. Ad. R.p.F. Angelũ de clauasio pñtis / operis Auctorẽ: in qua orat eius Reuerẽtiã. ut ipsũ opus ĩprimi faciat: p[ro]pter ta/lẽ [et] tantã dicti operis excellentiam [et] vtilitatem&quot;--Leaf []1v.</marc:subfield></marc:datafield><marc:datafield tag="500" ind1=" " ind2=" "><marc:subfield code="a">Leaf a1r, column 1, corresponds to description in GW 1934a.</marc:subfield></marc:datafield><marc:datafield tag="500" ind1=" " ind2=" "><marc:subfield code="a">&quot;Respõsio Uenerãdi patris fratris Angeli ad fratrẽ Hieronymũ sup[ra]scriptũ.&quot;--Leaf []2v.</marc:subfield></marc:datafield><marc:datafield tag="500" ind1=" " ind2=" "><marc:subfield code="a">&quot;Et que dicantur crimina publica ...&quot;--Leaf b1r, line 1 of column 1.</marc:subfield></marc:datafield><marc:datafield tag="500" ind1=" " ind2=" "><marc:subfield code="a">&quot;.../scribi talia possint. c. fi. de prescrip./...&quot;--Leaf d1r, line 3 of column 1.</marc:subfield></marc:datafield><marc:datafield tag="500" ind1=" " ind2=" "><marc:subfield code="a">Imprint from colophon (leaf X7r) which reads: Explicit sũma angelica de casib[us] cõ-/scie [per] fratrẽ Angelũ de clauasio cõpila-/ta: maxima cũ diligentia reuisa: [et] fideli / studio emẽdata sicut ipsum opus [per] se sa/tis attestabit̃: Uenetijs ĩpressa [per] Geor-/giũ de arriuabenis Mantuanũ: Anno / dñi. M.cccc. nonagesimo. secundo. / die vero quarto Iunij.</marc:subfield></marc:datafield><marc:datafield tag="500" ind1=" " ind2=" "><marc:subfield code="a">Signatures: []⁸, a⁸, b-z¹², A-U¹², X⁸, [Y]¹² (N4 unsigned; the last quire is signed only on leaf 5).</marc:subfield></marc:datafield><marc:datafield tag="500" ind1=" " ind2=" "><marc:subfield code="a">Leaf X8 is blank.</marc:subfield></marc:datafield><marc:datafield tag="500" ind1=" " ind2=" "><marc:subfield code="a">Printed in 2 columns.</marc:subfield></marc:datafield><marc:datafield tag="500" ind1=" " ind2=" "><marc:subfield code="a">Capital spaces.</marc:subfield></marc:datafield><marc:datafield tag="510" ind1="4" ind2=" "><marc:subfield code="a">Goff</marc:subfield><marc:subfield code="c">A-723.</marc:subfield></marc:datafield><marc:datafield tag="510" ind1="4" ind2=" "><marc:subfield code="a">Pellechet</marc:subfield><marc:subfield code="c">3822.</marc:subfield></marc:datafield><marc:datafield tag="510" ind1="4" ind2=" "><marc:subfield code="a">Polain</marc:subfield><marc:subfield code="c">213.</marc:subfield></marc:datafield><marc:datafield tag="510" ind1="4" ind2=" "><marc:subfield code="a">GW</marc:subfield><marc:subfield code="c">1934.</marc:subfield></marc:datafield><marc:datafield tag="510" ind1="4" ind2=" "><marc:subfield code="a">BM 15th cent.,</marc:subfield><marc:subfield code="c">V, p. 385 (IA.22534).</marc:subfield></marc:datafield><marc:datafield tag="500" ind1=" " ind2=" "><marc:subfield code="a">Includes register.</marc:subfield></marc:datafield><marc:datafield tag="590" ind1=" " ind2=" "><marc:subfield code="a">Folger copy: leaf X8, blank, lacking.</marc:subfield></marc:datafield><marc:datafield tag="590" ind1=" " ind2=" "><marc:subfield code="a">A few early manuscript notes.</marc:subfield></marc:datafield><marc:datafield tag="590" ind1=" " ind2=" "><marc:subfield code="a">Early marks of ownership in upper and lower margins of leaf a1r, erased, illegible.</marc:subfield></marc:datafield><marc:datafield tag="590" ind1=" " ind2=" "><marc:subfield code="a">15th century Italian goatskin binding, blind tooled with stamps of a quadrangular ropework knot and cross shaped stamps in central panels; remains of 4 brass clasps, 2 on fore-edge, 1 at head, 1 at tail (catches on back cover and a leather strap); inscription on fore-edge &quot;Sum̃a angelica&quot;, reading from head to tail; pastedowns made of several layers of blank leaves and of later printed waste (in Italian, discussing career of arms versus scholarship as argued in Cicero, Averroës, Aristotle, etc.); repaired several times; rebacked; in a tailored box.</marc:subfield></marc:datafield><marc:datafield tag="590" ind1=" " ind2=" "><marc:subfield code="a">Purchased in 1915.</marc:subfield></marc:datafield><marc:datafield tag="650" ind1=" " ind2="0"><marc:subfield code="a">Casuistry.</marc:subfield></marc:datafield><marc:datafield tag="650" ind1=" " ind2="0"><marc:subfield code="a">Canon law.</marc:subfield></marc:datafield><marc:datafield tag="655" ind1=" " ind2="7"><marc:subfield code="a">Annotations (Provenance)</marc:subfield><marc:subfield code="2">rbprov</marc:subfield></marc:datafield><marc:datafield tag="655" ind1=" " ind2="7"><marc:subfield code="a">Goatskin bindings (Binding)</marc:subfield><marc:subfield code="z">Italy</marc:subfield><marc:subfield code="y">15th century</marc:subfield><marc:subfield code="2">rbbin</marc:subfield></marc:datafield><marc:datafield tag="655" ind1=" " ind2="7"><marc:subfield code="a">Printed waste (Binding)</marc:subfield><marc:subfield code="2">rbbin</marc:subfield></marc:datafield><marc:datafield tag="700" ind1="1" ind2=" "><marc:subfield code="a">Tornielli, Girolamo,</marc:subfield><marc:subfield code="d">15th cent.</marc:subfield></marc:datafield><marc:datafield tag="700" ind1="1" ind2=" "><marc:subfield code="a">Arrivabene, Giorgio,</marc:subfield><marc:subfield code="d">fl. 1483-1520,</marc:subfield><marc:subfield code="e">printer.</marc:subfield></marc:datafield><marc:datafield tag="752" ind1="1" ind2="0"><marc:subfield code="d">Venice.</marc:subfield></marc:datafield><marc:datafield tag="856" ind1="4" ind2="1"><marc:subfield code="u">http://luna.folger.edu/luna/servlet/s/u10pk7</marc:subfield><marc:subfield code="z">Binding images and description for Folger Shakespeare Library INC A636 copy 1</marc:subfield></marc:datafield><marc:datafield tag="950" ind1=" " ind2=" "><marc:subfield code="l">RARE</marc:subfield><marc:subfield code="e">copy 1</marc:subfield><marc:subfield code="h">11/19/93 C</marc:subfield></marc:datafield><marc:datafield tag="998" ind1=" " ind2=" "><marc:subfield code="a">06/01/94</marc:subfield><marc:subfield code="t">c</marc:subfield><marc:subfield code="s">9114</marc:subfield><marc:subfield code="n">DFo</marc:subfield><marc:subfield code="w">DCFG93B15079</marc:subfield><marc:subfield code="d">11/10/93</marc:subfield><marc:subfield code="c">ML</marc:subfield><marc:subfield code="b">MT</marc:subfield><marc:subfield code="l">DCFG</marc:subfield></marc:datafield></marc:record>