
<marc:record><marc:leader>03386cam a2200517 a 4500</marc:leader>
<marc:controlfield tag="001">92625</marc:controlfield>
<marc:controlfield tag="005">20120821144304.0</marc:controlfield><marc:controlfield tag="008">931112s1495    it            001 0 lat d</marc:controlfield><marc:datafield tag="035" ind1=" " ind2=" "><marc:subfield code="a">(CStRLIN)DCFG93-B15106</marc:subfield></marc:datafield><marc:datafield tag="040" ind1=" " ind2=" "><marc:subfield code="a">DFo</marc:subfield><marc:subfield code="c">DFo</marc:subfield><marc:subfield code="e">dcrb</marc:subfield><marc:subfield code="d">UtOrBLW</marc:subfield></marc:datafield><marc:datafield tag="090" ind1=" " ind2=" "><marc:subfield code="b">\INC\A639</marc:subfield><marc:subfield code="f">cs99</marc:subfield><marc:subfield code="t">~650</marc:subfield><marc:subfield code="t">~700</marc:subfield><marc:subfield code="t">~755</marc:subfield><marc:subfield code="i">09/03/96 N</marc:subfield><marc:subfield code="h">06/03/94 N</marc:subfield><marc:subfield code="h">06/02/94 N</marc:subfield><marc:subfield code="h">11/19/93 C</marc:subfield></marc:datafield><marc:datafield tag="100" ind1="0" ind2=" "><marc:subfield code="a">Angelo Carletti,</marc:subfield><marc:subfield code="d">1411-1495.</marc:subfield></marc:datafield><marc:datafield tag="240" ind1="0" ind2="0"><marc:subfield code="a">Summa angelica</marc:subfield></marc:datafield><marc:datafield tag="245" ind1="1" ind2="0"><marc:subfield code="a">Summa Angelica.</marc:subfield></marc:datafield><marc:datafield tag="260" ind1=" " ind2=" "><marc:subfield code="a">Uenetijs i[m]pressa :</marc:subfield><marc:subfield code="b">[per] Georgiu[m] de Ariuabenis, Mantuanu[m],</marc:subfield><marc:subfield code="c">anno d[omi]ni M.cccc. nonagesimo. q[ui]nto die vero secundo Mai [2 May 1495]</marc:subfield></marc:datafield><marc:datafield tag="300" ind1=" " ind2=" "><marc:subfield code="a">[8], 519, [1], 12 leaves ;</marc:subfield><marc:subfield code="c">19 cm. (8vo)</marc:subfield></marc:datafield><marc:datafield tag="500" ind1=" " ind2=" "><marc:subfield code="a">Additions by Girolamo Tornielli.</marc:subfield></marc:datafield><marc:datafield tag="500" ind1=" " ind2=" "><marc:subfield code="a">&quot;Epistola. F. Hieronimi tornieli lectoris. Ad. R.p.F. Angelũ de clauasio pñtis operis auctorẽ in qua orat eius Reuerentiã vt ip[sum] opus ĩprimi faciat ...&quot;--Leaf []1v.</marc:subfield></marc:datafield><marc:datafield tag="500" ind1=" " ind2=" "><marc:subfield code="a">&quot;.../scribi talia possint. c. fi. de prescrip. Et / ...&quot;--Leaf d1r, line 3 of column 1.</marc:subfield></marc:datafield><marc:datafield tag="500" ind1=" " ind2=" "><marc:subfield code="a">Imprint from colophon (leaf X7r), which reads: Explicit sũma ãgelica de casib[us] cõ/scit [per] fratrẽ Angelũ de clauasio [con]pil/lata: maxĩa cũ diligẽtia reuisa: [et] fi[de]li / studio emẽdata sicut ipsũ op[us] [per] se sa/tis attestabit̃. Uenetijs ĩpressa [per] Geor/giũ de ariuabenis. mantuanũ: Anno / dñi .M.cccc. nonagesimo. q[ui]nto / die vero secundo mai.</marc:subfield></marc:datafield><marc:datafield tag="500" ind1=" " ind2=" "><marc:subfield code="a">Signatures: []⁸, a⁸, b-z¹², A-U¹², X⁸, [Y]¹² (h5 signed h; I6 unsigned).</marc:subfield></marc:datafield><marc:datafield tag="500" ind1=" " ind2=" "><marc:subfield code="a">Leaf X8 is blank.</marc:subfield></marc:datafield><marc:datafield tag="500" ind1=" " ind2=" "><marc:subfield code="a">Printed in 2 columns.</marc:subfield></marc:datafield><marc:datafield tag="500" ind1=" " ind2=" "><marc:subfield code="a">Capital spaces.</marc:subfield></marc:datafield><marc:datafield tag="510" ind1="4" ind2=" "><marc:subfield code="a">Goff</marc:subfield><marc:subfield code="c">A-726.</marc:subfield></marc:datafield><marc:datafield tag="510" ind1="4" ind2=" "><marc:subfield code="a">Pellechet</marc:subfield><marc:subfield code="c">3826.</marc:subfield></marc:datafield><marc:datafield tag="510" ind1="4" ind2=" "><marc:subfield code="a">Polain</marc:subfield><marc:subfield code="c">4141.</marc:subfield></marc:datafield><marc:datafield tag="510" ind1="4" ind2=" "><marc:subfield code="a">GW</marc:subfield><marc:subfield code="c">1939.</marc:subfield></marc:datafield><marc:datafield tag="510" ind1="4" ind2=" "><marc:subfield code="a">Hain</marc:subfield><marc:subfield code="c">*5398.</marc:subfield></marc:datafield><marc:datafield tag="500" ind1=" " ind2=" "><marc:subfield code="a">Includes register.</marc:subfield></marc:datafield><marc:datafield tag="590" ind1=" " ind2=" "><marc:subfield code="a">Folger copy: leaf []1, damaged, affecting text on verso.</marc:subfield></marc:datafield><marc:datafield tag="590" ind1=" " ind2=" "><marc:subfield code="a">Initials rubricated in red and blue, alternating irregularly; paragraph marks also provided in alternate red and blue in 1st gathering; towards the end of the book, many of the rubricated initials are smudged and bleed through (many offset onto the facing page).</marc:subfield></marc:datafield><marc:datafield tag="590" ind1=" " ind2=" "><marc:subfield code="a">Several sets of manuscript notes on endpapers, in Latin and Italian, with date 1525; a few fists in text.</marc:subfield></marc:datafield><marc:datafield tag="590" ind1=" " ind2=" "><marc:subfield code="a">Inscription on t.p.: M. Ioannis Bãpta[e] Castilioni [...?].</marc:subfield></marc:datafield><marc:datafield tag="590" ind1=" " ind2=" "><marc:subfield code="a">15th cent. Italian goatskin binding, blind tooled; central bosses remaining and evidence of 4 corner bosses on front and back covers; 2 clasps (straps and catches replaced); central panels with same quadrangular ropework knot and star shaped stamps on both front and back covers; also floral design stamps used on inner border on both covers; inscription of title on head edge, reading from spine to fore-edge; in a tailored box.</marc:subfield></marc:datafield><marc:datafield tag="590" ind1=" " ind2=" "><marc:subfield code="a">Purchased in 1902.</marc:subfield></marc:datafield><marc:datafield tag="650" ind1=" " ind2="0"><marc:subfield code="a">Casuistry.</marc:subfield></marc:datafield><marc:datafield tag="650" ind1=" " ind2="0"><marc:subfield code="a">Canon law.</marc:subfield></marc:datafield><marc:datafield tag="655" ind1=" " ind2="7"><marc:subfield code="a">Goatskin bindings (Binding)</marc:subfield><marc:subfield code="z">Italy</marc:subfield><marc:subfield code="y">15th century.</marc:subfield><marc:subfield code="2">rbbin</marc:subfield></marc:datafield><marc:datafield tag="700" ind1="1" ind2=" "><marc:subfield code="a">Tornielli, Girolamo,</marc:subfield><marc:subfield code="d">15th cent.</marc:subfield></marc:datafield><marc:datafield tag="700" ind1="1" ind2=" "><marc:subfield code="a">Arrivabene, Giorgio,</marc:subfield><marc:subfield code="d">fl. 1483-1520,</marc:subfield><marc:subfield code="e">printer.</marc:subfield></marc:datafield><marc:datafield tag="752" ind1=" " ind2=" "><marc:subfield code="a">Italy</marc:subfield><marc:subfield code="d">Venice.</marc:subfield></marc:datafield><marc:datafield tag="700" ind1="1" ind2=" "><marc:subfield code="a">Castiglioni, Giovan Battista,</marc:subfield><marc:subfield code="e">former owner.</marc:subfield><marc:subfield code="5">DFo</marc:subfield></marc:datafield><marc:datafield tag="856" ind1="4" ind2="1"><marc:subfield code="u">http://luna.folger.edu/luna/servlet/s/9pfs8z</marc:subfield><marc:subfield code="z">Binding images and description for Folger Shakespeare Library INC A639</marc:subfield></marc:datafield><marc:datafield tag="998" ind1=" " ind2=" "><marc:subfield code="a">09/03/96</marc:subfield><marc:subfield code="t">c</marc:subfield><marc:subfield code="s">9114</marc:subfield><marc:subfield code="l">DCFG</marc:subfield><marc:subfield code="n">DFo</marc:subfield><marc:subfield code="w">DCFG93B15106</marc:subfield><marc:subfield code="d">11/12/93</marc:subfield><marc:subfield code="c">ML</marc:subfield><marc:subfield code="b">KK</marc:subfield></marc:datafield><marc:datafield tag="950" ind1=" " ind2=" "><marc:subfield code="l">RARE</marc:subfield><marc:subfield code="h">11/19/93 C</marc:subfield></marc:datafield></marc:record>