
<marc:record><marc:leader>03055cam a2200517 a 4500</marc:leader>
<marc:controlfield tag="001">90220</marc:controlfield>
<marc:controlfield tag="005">20110119170022.0</marc:controlfield><marc:controlfield tag="008">950206s1499    fr a          000 0 lat d</marc:controlfield><marc:datafield tag="035" ind1=" " ind2=" "><marc:subfield code="9">DCFG95-B400</marc:subfield></marc:datafield><marc:datafield tag="035" ind1=" " ind2=" "><marc:subfield code="a">90220</marc:subfield></marc:datafield><marc:datafield tag="040" ind1=" " ind2=" "><marc:subfield code="a">DFo</marc:subfield><marc:subfield code="c">DFo</marc:subfield><marc:subfield code="e">dcrb</marc:subfield><marc:subfield code="d">UtOrBLW</marc:subfield></marc:datafield><marc:datafield tag="090" ind1=" " ind2=" "><marc:subfield code="b">INC I159</marc:subfield><marc:subfield code="f">190993</marc:subfield><marc:subfield code="t">6̃50</marc:subfield><marc:subfield code="t">6̃90-2</marc:subfield><marc:subfield code="t">7̃40</marc:subfield><marc:subfield code="i">02/23/95 C</marc:subfield></marc:datafield><marc:datafield tag="240" ind1="1" ind2="0"><marc:subfield code="a">Etymologiae</marc:subfield></marc:datafield><marc:datafield tag="245" ind1="1" ind2="0"><marc:subfield code="a">Praeclarissimum opus Diui Isidori Hyspalensis Episcopi, quod Ethimologiarum intitulatur ...</marc:subfield></marc:datafield><marc:datafield tag="260" ind1=" " ind2=" "><marc:subfield code="a">Venales inueniuntur Andegauis :</marc:subfield><marc:subfield code="b">In domo Ioha[n]nis Alexa[n]dri librarii ...,</marc:subfield><marc:subfield code="c">[25 May 1499]</marc:subfield></marc:datafield><marc:datafield tag="300" ind1=" " ind2=" "><marc:subfield code="a">CIII [i.e. 101], [3], leaves :</marc:subfield><marc:subfield code="b">ill. (woodcuts) ;</marc:subfield><marc:subfield code="c">27 cm. (fol.)</marc:subfield></marc:datafield><marc:datafield tag="500" ind1=" " ind2=" "><marc:subfield code="a">Charles Debougne's device appears on t.p. above the bookseller Jean Alexandre's address; colophon (leaf r5v) reads: Impressum Parrhisii Op[er]a magistri Georgii VVolff &amp; Thielma[n]ni keruer. [for Jean Petit] Anno salutis. Millesimo quadringẽtesimo Nonagesimonono. Vicesimaquinta die Mensis Maii [25 May 1499]; device of Thielman Kerver on recto of last leaf (BM 15th cent. copy has device of Jean Petit with his address on t.p., and device of Georges Wolf on recto of last leaf).</marc:subfield></marc:datafield><marc:datafield tag="500" ind1=" " ind2=" "><marc:subfield code="a">Signatures: a⁸, b-r⁶.</marc:subfield></marc:datafield><marc:datafield tag="500" ind1=" " ind2=" "><marc:subfield code="a">Woodcut decorated initials at beginning of books, Lombards everywhere else.</marc:subfield></marc:datafield><marc:datafield tag="500" ind1=" " ind2=" "><marc:subfield code="a">Numbers 21 and 61 not included in numbering of leaves.</marc:subfield></marc:datafield><marc:datafield tag="500" ind1=" " ind2=" "><marc:subfield code="a">Full page woodcut on leaf h5r: &quot;Hec est arbor consanguinitatis&quot;, and other diagrams.</marc:subfield></marc:datafield><marc:datafield tag="500" ind1=" " ind2=" "><marc:subfield code="a">Printed in 2 columns.</marc:subfield></marc:datafield><marc:datafield tag="510" ind1="4" ind2=" "><marc:subfield code="a">Goff</marc:subfield><marc:subfield code="c">I-187.</marc:subfield></marc:datafield><marc:datafield tag="510" ind1="4" ind2=" "><marc:subfield code="a">BM 15th cent.,</marc:subfield><marc:subfield code="c">VIII, p. 216 (IB.40961)</marc:subfield></marc:datafield><marc:datafield tag="510" ind1="4" ind2=" "><marc:subfield code="a">BN incun.,</marc:subfield><marc:subfield code="c">I-72.</marc:subfield></marc:datafield><marc:datafield tag="590" ind1=" " ind2=" "><marc:subfield code="a">Folger copy: inner margin torn and repaired, affecting text, in a few gatherings.</marc:subfield></marc:datafield><marc:datafield tag="590" ind1=" " ind2=" "><marc:subfield code="a">Manuscript finding notes, with fists, brackets (some figurative), underlining, &quot;Nota&quot; and other markings (e.g. an eye drawn in inner margin a t foot of leaf g5v).</marc:subfield></marc:datafield><marc:datafield tag="590" ind1=" " ind2=" "><marc:subfield code="a">Ownership inscriptions on t.p., reading: &quot;barptholomei augerij&quot;, &quot;Joseph Valla Curatus [...?] Ciuitatis Cunei[?]&quot;; another inscription defaced, partially illegible: &quot;Ioannes [...?] Medicin[a]e Professor&quot;; inscription on verso of last leaf, defaced, entirely illegible; purchased in 1964.</marc:subfield></marc:datafield><marc:datafield tag="590" ind1=" " ind2=" "><marc:subfield code="a">Mold in a few gatherings; washed, repaired, and rebound.</marc:subfield></marc:datafield><marc:datafield tag="650" ind1=" " ind2="0"><marc:subfield code="a">Encyclopedias and dictionaries.</marc:subfield></marc:datafield><marc:datafield tag="655" ind1=" " ind2="7"><marc:subfield code="a">Annotations (Provenance)</marc:subfield><marc:subfield code="2">rbprov</marc:subfield></marc:datafield><marc:datafield tag="655" ind1=" " ind2="7"><marc:subfield code="a">Illustrated works</marc:subfield><marc:subfield code="y">15th and 16th centuries.</marc:subfield><marc:subfield code="2">rbgenr</marc:subfield></marc:datafield><marc:datafield tag="740" ind1="0" ind2=" "><marc:subfield code="a">Etymologia.</marc:subfield></marc:datafield><marc:datafield tag="740" ind1="0" ind2=" "><marc:subfield code="a">Etymologiarum liber.</marc:subfield></marc:datafield><marc:datafield tag="700" ind1="1" ind2=" "><marc:subfield code="a">Augerius, Barptholomeus,</marc:subfield><marc:subfield code="e">former owner.</marc:subfield></marc:datafield><marc:datafield tag="700" ind1="1" ind2=" "><marc:subfield code="a">Valla, Joseph,</marc:subfield><marc:subfield code="e">former owner.</marc:subfield></marc:datafield><marc:datafield tag="700" ind1="1" ind2=" "><marc:subfield code="a">Wolf, Georges,</marc:subfield><marc:subfield code="d">fl. 1489-1503,</marc:subfield><marc:subfield code="e">printer.</marc:subfield></marc:datafield><marc:datafield tag="700" ind1="1" ind2=" "><marc:subfield code="a">Kerver, Thielmann,</marc:subfield><marc:subfield code="d">d. 1522,</marc:subfield><marc:subfield code="e">printer.</marc:subfield></marc:datafield><marc:datafield tag="700" ind1="1" ind2=" "><marc:subfield code="a">Petit, Jean,</marc:subfield><marc:subfield code="d">fl. 1492-1530,</marc:subfield><marc:subfield code="e">printer.</marc:subfield></marc:datafield><marc:datafield tag="700" ind1="1" ind2=" "><marc:subfield code="a">Bougne, Charles de,</marc:subfield><marc:subfield code="d">fl. 1495-1535,</marc:subfield><marc:subfield code="e">printer.</marc:subfield></marc:datafield><marc:datafield tag="700" ind1="1" ind2=" "><marc:subfield code="a">Alexandre, Jean,</marc:subfield><marc:subfield code="d">fl. 1484-1506?,</marc:subfield><marc:subfield code="e">printer.</marc:subfield></marc:datafield><marc:datafield tag="752" ind1="1" ind2="0"><marc:subfield code="d">Paris.</marc:subfield></marc:datafield><marc:datafield tag="752" ind1="1" ind2="0"><marc:subfield code="d">Angers.</marc:subfield></marc:datafield><marc:datafield tag="100" ind1="0" ind2=" "><marc:subfield code="a">Isidore,</marc:subfield><marc:subfield code="c">of Seville, Saint,</marc:subfield><marc:subfield code="d">d. 636.</marc:subfield></marc:datafield><marc:datafield tag="950" ind1=" " ind2=" "><marc:subfield code="l">RARE</marc:subfield><marc:subfield code="i">02/23/95 C</marc:subfield></marc:datafield><marc:datafield tag="998" ind1=" " ind2=" "><marc:subfield code="a">02/23/95</marc:subfield><marc:subfield code="t">c</marc:subfield><marc:subfield code="s">9114</marc:subfield><marc:subfield code="n">DFo</marc:subfield><marc:subfield code="w">DCFG95B400</marc:subfield><marc:subfield code="d">02/06/95</marc:subfield><marc:subfield code="c">ML</marc:subfield><marc:subfield code="b">MT</marc:subfield><marc:subfield code="l">DCFG</marc:subfield></marc:datafield></marc:record>