
<marc:record><marc:leader>03207cam a2200505 a 4500</marc:leader>
<marc:controlfield tag="001">79756</marc:controlfield>
<marc:controlfield tag="005">20110119165451.0</marc:controlfield><marc:controlfield tag="008">920909s1497    it            000 0 lat d</marc:controlfield><marc:datafield tag="035" ind1=" " ind2=" "><marc:subfield code="9">DCFG92-B5593</marc:subfield></marc:datafield><marc:datafield tag="040" ind1=" " ind2=" "><marc:subfield code="a">PSt</marc:subfield><marc:subfield code="c">PSt</marc:subfield><marc:subfield code="d">CStRLIN</marc:subfield><marc:subfield code="d">DFo</marc:subfield><marc:subfield code="e">dcrb</marc:subfield><marc:subfield code="d">UtOrBLW</marc:subfield></marc:datafield><marc:datafield tag="041" ind1="1" ind2=" "><marc:subfield code="a">lat</marc:subfield><marc:subfield code="h">grc</marc:subfield></marc:datafield><marc:datafield tag="090" ind1=" " ind2=" "><marc:subfield code="b">INC E95</marc:subfield><marc:subfield code="t">6̃50</marc:subfield><marc:subfield code="t">6̃55</marc:subfield><marc:subfield code="t">6̃90</marc:subfield><marc:subfield code="t">7̃00</marc:subfield><marc:subfield code="t">7̃40</marc:subfield><marc:subfield code="t">7̃96</marc:subfield><marc:subfield code="t">7̃97</marc:subfield><marc:subfield code="t">7̃99</marc:subfield><marc:subfield code="i">10/17/94 C</marc:subfield><marc:subfield code="h">10/13/94 C</marc:subfield><marc:subfield code="h">06/30/93 C</marc:subfield></marc:datafield><marc:datafield tag="240" ind1="0" ind2="0"><marc:subfield code="a">De evangelica praeparatione.</marc:subfield><marc:subfield code="l">Latin</marc:subfield></marc:datafield><marc:datafield tag="245" ind1="1" ind2="0"><marc:subfield code="a">Eusebius De euangelica praeparatione /</marc:subfield><marc:subfield code="c">a Georgio Trapezuntio e Graeco in Latinum traductus ; opus cui[que] fideli non solum utile ueru[m] etia[m] iocundum &amp; [per] necessariu[m] nouissime impressum &amp; exactissime emendatum.</marc:subfield></marc:datafield><marc:datafield tag="246" ind1="3" ind2="3"><marc:subfield code="a">Eusebius De evangelica praeparatione</marc:subfield></marc:datafield><marc:datafield tag="260" ind1=" " ind2=" "><marc:subfield code="a">Venetiis :</marc:subfield><marc:subfield code="b">Bernardinus Benalius exactissima impressit diligentia ...,</marc:subfield><marc:subfield code="c">anno Humanitatis Christi, 1497, pridie Kalendas Iunias [31 May]</marc:subfield></marc:datafield><marc:datafield tag="300" ind1=" " ind2=" "><marc:subfield code="a">[216] p. ;</marc:subfield><marc:subfield code="c">31 cm. (fol.)</marc:subfield></marc:datafield><marc:datafield tag="500" ind1=" " ind2=" "><marc:subfield code="a">Edited by Hieronymus Bononius.</marc:subfield></marc:datafield><marc:datafield tag="500" ind1=" " ind2=" "><marc:subfield code="a">Imprint from colophon, which reads: ... Bernardinus Benalius exactissima impressit diligentia Venetiis Anno humanitatis Christi .M.cccclxxxxvii. Pridie Kalendas Iunias ...</marc:subfield></marc:datafield><marc:datafield tag="500" ind1=" " ind2=" "><marc:subfield code="a">Signatures: a¹⁰, b⁸, c⁶, d-m⁸, n-o⁶.</marc:subfield></marc:datafield><marc:datafield tag="500" ind1=" " ind2=" "><marc:subfield code="a">Printer's device with Saint Jerome on leaf o6r.</marc:subfield></marc:datafield><marc:datafield tag="500" ind1=" " ind2=" "><marc:subfield code="a">Catchwords.</marc:subfield></marc:datafield><marc:datafield tag="500" ind1=" " ind2=" "><marc:subfield code="a">Capital spaces, the smaller ones (3 lines) with guide letters.</marc:subfield></marc:datafield><marc:datafield tag="510" ind1="4" ind2=" "><marc:subfield code="a">Hain</marc:subfield><marc:subfield code="c">*6706.</marc:subfield></marc:datafield><marc:datafield tag="510" ind1="4" ind2=" "><marc:subfield code="a">Goff</marc:subfield><marc:subfield code="c">E-122.</marc:subfield></marc:datafield><marc:datafield tag="510" ind1="4" ind2=" "><marc:subfield code="a">GW</marc:subfield><marc:subfield code="c">9444.</marc:subfield></marc:datafield><marc:datafield tag="510" ind1="4" ind2=" "><marc:subfield code="a">BM 15th cent.,</marc:subfield><marc:subfield code="c">V, p. 376 (IB.22392).</marc:subfield></marc:datafield><marc:datafield tag="590" ind1=" " ind2=" "><marc:subfield code="a">Folger copy: 2 decorated initials (10 lines) in blue, red, and gold punched with dots, flowers and a sunburst, on leaf a4; the 1st initial has been painted as a &quot;C&quot; instead of an &quot;E&quot;; 13 other initials (8 and 9 lines) have been provided in red or blue at the beginning of each remaining book.</marc:subfield></marc:datafield><marc:datafield tag="590" ind1=" " ind2=" "><marc:subfield code="a">A few manuscript notes with corrections in text and some fists in brown ink.</marc:subfield></marc:datafield><marc:datafield tag="590" ind1=" " ind2=" "><marc:subfield code="a">Inscription in brown ink on t.p., defaced, illegible; pencilled notes on front flyleaves referring to the Sotheby sales of Thomas Shadford Walker (no. 153 in the sale catalog of his library, June 1886), of Richard Dacre Archer-Hind (no. 359 in the sale catalog of his library, Dec. 1910), and a note &quot;Gennadius copy&quot; (no. 1174 in the Sotheby sale catalog of his library, March 1895); bookplate of W.T. Smedley; purchased in 1924.</marc:subfield></marc:datafield><marc:datafield tag="590" ind1=" " ind2=" "><marc:subfield code="a">Repaired.</marc:subfield></marc:datafield><marc:datafield tag="650" ind1=" " ind2="0"><marc:subfield code="a">Apologetics</marc:subfield><marc:subfield code="x">History</marc:subfield><marc:subfield code="y">Early church, ca. 30-600.</marc:subfield></marc:datafield><marc:datafield tag="655" ind1=" " ind2="7"><marc:subfield code="a">Annotations (Provenance)</marc:subfield><marc:subfield code="2">rbprov</marc:subfield></marc:datafield><marc:datafield tag="655" ind1=" " ind2="7"><marc:subfield code="a">Illuminations.</marc:subfield><marc:subfield code="2">gmgpc</marc:subfield></marc:datafield><marc:datafield tag="700" ind1="1" ind2=" "><marc:subfield code="a">Bononius, Hieronymus.</marc:subfield></marc:datafield><marc:datafield tag="700" ind1="1" ind2=" "><marc:subfield code="a">Walker, Thomas Shadford,</marc:subfield><marc:subfield code="d">1835-1885,</marc:subfield><marc:subfield code="e">former owner.</marc:subfield></marc:datafield><marc:datafield tag="700" ind1="1" ind2=" "><marc:subfield code="a">Archer-Hind, R. D.</marc:subfield><marc:subfield code="q">(Richard Dacre),</marc:subfield><marc:subfield code="d">1849-1910,</marc:subfield><marc:subfield code="e">former owner.</marc:subfield></marc:datafield><marc:datafield tag="700" ind1="1" ind2=" "><marc:subfield code="a">Gennadios, Iōannēs,</marc:subfield><marc:subfield code="d">1844-1932,</marc:subfield><marc:subfield code="e">former owner.</marc:subfield></marc:datafield><marc:datafield tag="700" ind1="1" ind2=" "><marc:subfield code="a">Smedley, William T.</marc:subfield><marc:subfield code="q">(William Thomas),</marc:subfield><marc:subfield code="d">b. 1851,</marc:subfield><marc:subfield code="e">former owner.</marc:subfield></marc:datafield><marc:datafield tag="700" ind1="1" ind2=" "><marc:subfield code="a">Benalius, Bernardinus,</marc:subfield><marc:subfield code="d">fl. 1483-1543,</marc:subfield><marc:subfield code="e">printer.</marc:subfield></marc:datafield><marc:datafield tag="752" ind1="1" ind2="0"><marc:subfield code="d">Venice.</marc:subfield></marc:datafield><marc:datafield tag="100" ind1="0" ind2=" "><marc:subfield code="a">Eusebius,</marc:subfield><marc:subfield code="c">of Caesarea, Bishop of Caesarea,</marc:subfield><marc:subfield code="d">ca. 260-ca. 340.</marc:subfield></marc:datafield><marc:datafield tag="700" ind1="0" ind2=" "><marc:subfield code="a">George,</marc:subfield><marc:subfield code="c">of Trebizond,</marc:subfield><marc:subfield code="d">1396-1486.</marc:subfield></marc:datafield><marc:datafield tag="950" ind1=" " ind2=" "><marc:subfield code="l">RARE</marc:subfield><marc:subfield code="i">10/17/94 RL</marc:subfield><marc:subfield code="h">10/13/94 RL</marc:subfield><marc:subfield code="h">06/30/93 C</marc:subfield></marc:datafield><marc:datafield tag="998" ind1=" " ind2=" "><marc:subfield code="a">10/17/94</marc:subfield><marc:subfield code="t">c</marc:subfield><marc:subfield code="s">9115</marc:subfield><marc:subfield code="n">DFo</marc:subfield><marc:subfield code="w">DCFG92B5593</marc:subfield><marc:subfield code="d">09/09/92</marc:subfield><marc:subfield code="c">ML</marc:subfield><marc:subfield code="b">MT</marc:subfield><marc:subfield code="l">DCFG</marc:subfield></marc:datafield></marc:record>