
<marc:record><marc:leader>01768cam a2200397 a 4500</marc:leader>
<marc:controlfield tag="001">90583</marc:controlfield>
<marc:controlfield tag="005">20110119170039.0</marc:controlfield><marc:controlfield tag="008">960105s1481    it            000 0 lat d</marc:controlfield><marc:datafield tag="035" ind1=" " ind2=" "><marc:subfield code="9">DCFG96-B4</marc:subfield></marc:datafield><marc:datafield tag="040" ind1=" " ind2=" "><marc:subfield code="a">DFo</marc:subfield><marc:subfield code="d">DFo</marc:subfield><marc:subfield code="e">dcrb</marc:subfield><marc:subfield code="d">UtOrBLW</marc:subfield></marc:datafield><marc:datafield tag="090" ind1=" " ind2=" "><marc:subfield code="b">INC S65</marc:subfield><marc:subfield code="f">cs1811</marc:subfield><marc:subfield code="t">7̃40</marc:subfield><marc:subfield code="i">04/23/96 C</marc:subfield></marc:datafield><marc:datafield tag="240" ind1="1" ind2="0"><marc:subfield code="a">Works.</marc:subfield><marc:subfield code="f">1481</marc:subfield></marc:datafield><marc:datafield tag="245" ind1="1" ind2="0"><marc:subfield code="a">Crispi Salustii Opus ...</marc:subfield></marc:datafield><marc:datafield tag="260" ind1=" " ind2=" "><marc:subfield code="a">Venetiis :</marc:subfield><marc:subfield code="b">Per Baptistam de Tortis,</marc:subfield><marc:subfield code="c">1481, die xxiii. Decembris.</marc:subfield></marc:datafield><marc:datafield tag="300" ind1=" " ind2=" "><marc:subfield code="a">[104] p. (the first [2] p. blank) ;</marc:subfield><marc:subfield code="c">30 cm. (fol.)</marc:subfield></marc:datafield><marc:datafield tag="500" ind1=" " ind2=" "><marc:subfield code="a">Title from 1st colophon (leaf h4r), which reads: Crispi Salustii opus feliciter impressum Venetiis. M.cccc.lxxxi.</marc:subfield></marc:datafield><marc:datafield tag="500" ind1=" " ind2=" "><marc:subfield code="a">Imprint from 2nd colophon (leaf h8v).</marc:subfield></marc:datafield><marc:datafield tag="500" ind1=" " ind2=" "><marc:subfield code="a">Signatures: a⁸, b-g⁶, h⁸.</marc:subfield></marc:datafield><marc:datafield tag="500" ind1=" " ind2=" "><marc:subfield code="a">Capital spaces.</marc:subfield></marc:datafield><marc:datafield tag="500" ind1=" " ind2=" "><marc:subfield code="a">Includes register.</marc:subfield></marc:datafield><marc:datafield tag="510" ind1="4" ind2=" "><marc:subfield code="a">Goff</marc:subfield><marc:subfield code="c">S-68.</marc:subfield></marc:datafield><marc:datafield tag="510" ind1="4" ind2=" "><marc:subfield code="a">BM 15th cent.,</marc:subfield><marc:subfield code="c">V, p. 321 (IB.21326)</marc:subfield></marc:datafield><marc:datafield tag="510" ind1="4" ind2=" "><marc:subfield code="a">Hain-Copinger</marc:subfield><marc:subfield code="c">14211*.</marc:subfield></marc:datafield><marc:datafield tag="590" ind1=" " ind2=" "><marc:subfield code="a">Folger copy: gathering f misbound after gathering d.</marc:subfield></marc:datafield><marc:datafield tag="590" ind1=" " ind2=" "><marc:subfield code="a">Large initials provided in blue paint with red penwork infill highlighted in yellow; smaller initials in red throughout.</marc:subfield></marc:datafield><marc:datafield tag="590" ind1=" " ind2=" "><marc:subfield code="a">Early manuscript notes in brown ink with &quot;Nota&quot;and other markings, brackets and underlining throughout the book.</marc:subfield></marc:datafield><marc:datafield tag="590" ind1=" " ind2=" "><marc:subfield code="a">Autograph on front flyleaf: Edwd. Walker.</marc:subfield></marc:datafield><marc:datafield tag="590" ind1=" " ind2=" "><marc:subfield code="a">In a later vellum binding; author name and no. &quot;148&quot; handwritten in brown ink on spine; remains of label on spine, illegible.</marc:subfield></marc:datafield><marc:datafield tag="655" ind1=" " ind2="7"><marc:subfield code="a">Annotations (Provenance)</marc:subfield><marc:subfield code="2">rbprov</marc:subfield></marc:datafield><marc:datafield tag="740" ind1="0" ind2=" "><marc:subfield code="a">Opera.</marc:subfield></marc:datafield><marc:datafield tag="700" ind1="1" ind2=" "><marc:subfield code="a">Walker, Edward,</marc:subfield><marc:subfield code="e">former owner.</marc:subfield></marc:datafield><marc:datafield tag="700" ind1="1" ind2=" "><marc:subfield code="a">Torti, Battista,</marc:subfield><marc:subfield code="d">fl. 1481-1536,</marc:subfield><marc:subfield code="e">printer.</marc:subfield></marc:datafield><marc:datafield tag="752" ind1=" " ind2=" "><marc:subfield code="a">Italy</marc:subfield><marc:subfield code="d">Venice.</marc:subfield></marc:datafield><marc:datafield tag="100" ind1="0" ind2=" "><marc:subfield code="a">Sallust,</marc:subfield><marc:subfield code="d">86-34 B.C.</marc:subfield></marc:datafield><marc:datafield tag="950" ind1=" " ind2=" "><marc:subfield code="l">RARE</marc:subfield><marc:subfield code="i">04/23/96 C</marc:subfield></marc:datafield><marc:datafield tag="998" ind1=" " ind2=" "><marc:subfield code="a">04/23/96</marc:subfield><marc:subfield code="t">c</marc:subfield><marc:subfield code="s">9114</marc:subfield><marc:subfield code="n">DFo</marc:subfield><marc:subfield code="w">DCFG96B4</marc:subfield><marc:subfield code="d">01/05/96</marc:subfield><marc:subfield code="c">ML</marc:subfield><marc:subfield code="b">ML</marc:subfield><marc:subfield code="l">DCFG</marc:subfield></marc:datafield></marc:record>