
<marc:record><marc:leader>02436cam a2200409 a 4500</marc:leader>
<marc:controlfield tag="001">90614</marc:controlfield>
<marc:controlfield tag="005">20110119170040.0</marc:controlfield><marc:controlfield tag="008">960126s1492    it            000 0 lat d</marc:controlfield><marc:datafield tag="035" ind1=" " ind2=" "><marc:subfield code="9">DCFG96-B68</marc:subfield></marc:datafield><marc:datafield tag="040" ind1=" " ind2=" "><marc:subfield code="a">UPB</marc:subfield><marc:subfield code="c">UPB</marc:subfield><marc:subfield code="d">CStRLIN</marc:subfield><marc:subfield code="d">DFo</marc:subfield><marc:subfield code="e">dcrb</marc:subfield><marc:subfield code="d">UtOrBLW</marc:subfield></marc:datafield><marc:datafield tag="090" ind1=" " ind2=" "><marc:subfield code="b">INC S336</marc:subfield><marc:subfield code="f">cs744</marc:subfield><marc:subfield code="t">7̃40</marc:subfield><marc:subfield code="i">04/23/96 C</marc:subfield></marc:datafield><marc:datafield tag="100" ind1="1" ind2=" "><marc:subfield code="a">Seneca, Lucius Annaeus,</marc:subfield><marc:subfield code="d">ca. 4 B.C.-65 A.D.</marc:subfield></marc:datafield><marc:datafield tag="240" ind1="1" ind2="0"><marc:subfield code="a">Works.</marc:subfield><marc:subfield code="f">1492</marc:subfield></marc:datafield><marc:datafield tag="245" ind1="1" ind2="0"><marc:subfield code="a">Senece Omnia opera.</marc:subfield></marc:datafield><marc:datafield tag="260" ind1=" " ind2=" "><marc:subfield code="a">Venetiis impressa :</marc:subfield><marc:subfield code="b">Per Bernardinu[m] de Coris de Cremona,</marc:subfield><marc:subfield code="c">1492 die ultima Octobris.</marc:subfield></marc:datafield><marc:datafield tag="300" ind1=" " ind2=" "><marc:subfield code="a">[2], ccviii leaves ;</marc:subfield><marc:subfield code="c">32 cm. (fol.)</marc:subfield></marc:datafield><marc:datafield tag="500" ind1=" " ind2=" "><marc:subfield code="a">On leaf [A]2r: Prologus Beati Hieronymi Super Epistolis Pauli ad Senecam et Senecae ad Paulum incipit.</marc:subfield></marc:datafield><marc:datafield tag="500" ind1=" " ind2=" "><marc:subfield code="a">Imprint from colophon (leaf [A]1v), which gives date of publication before publisher statement.</marc:subfield></marc:datafield><marc:datafield tag="500" ind1=" " ind2=" "><marc:subfield code="a">Signatures: [A]², a-g⁸, h⁴, i-z⁸, &amp;⁸, [con]⁸, [rum]⁶, 2a⁶.</marc:subfield></marc:datafield><marc:datafield tag="500" ind1=" " ind2=" "><marc:subfield code="a">Capital spaces with guide letters; spaces left for Greek.</marc:subfield></marc:datafield><marc:datafield tag="510" ind1="4" ind2=" "><marc:subfield code="a">Hain</marc:subfield><marc:subfield code="c">14594*.</marc:subfield></marc:datafield><marc:datafield tag="510" ind1="4" ind2=" "><marc:subfield code="a">Goff</marc:subfield><marc:subfield code="c">S-371.</marc:subfield></marc:datafield><marc:datafield tag="510" ind1="4" ind2=" "><marc:subfield code="a">BM 15th cent,</marc:subfield><marc:subfield code="c">V, p. 466 (IB.23442).</marc:subfield></marc:datafield><marc:datafield tag="590" ind1=" " ind2=" "><marc:subfield code="a">Folger copy: edges trimmed, affecting manuscript notes.</marc:subfield></marc:datafield><marc:datafield tag="590" ind1=" " ind2=" "><marc:subfield code="a">Initials at head of each work provided in blue with red penwork infill; smaller initials at beginning of books or chapters in blue or red; all small initials in red; capital strokes, paragraph marks, and underlining of titles in red paint throughout.</marc:subfield></marc:datafield><marc:datafield tag="590" ind1=" " ind2=" "><marc:subfield code="a">A few manuscript notes in margins and underlining of text in brown ink.</marc:subfield></marc:datafield><marc:datafield tag="590" ind1=" " ind2=" "><marc:subfield code="a">Ownership inscriptions on t.p., defaced, the upper one illegible (&quot;Bibliothecae [...?]), the lower one reading: &quot;B Heimbach. 1648 Traiecti ad Mosam&quot;; shelfmark of the Sunderland library on verso of front free endpaper, reading &quot;C3:22&quot;, with a pencilled note referring to the sale (no. 11317 in the Puttick &amp; Simpson sale catalog, 1881-1883).</marc:subfield></marc:datafield><marc:datafield tag="590" ind1=" " ind2=" "><marc:subfield code="a">In a later calf binding, gold tooled; edges sprinkled with red ink; later small manuscript fragment on paper, in German, once loosely inserted in book, now hinged on back flyleaf.</marc:subfield></marc:datafield><marc:datafield tag="655" ind1=" " ind2="7"><marc:subfield code="a">Annotations (Provenance)</marc:subfield><marc:subfield code="2">rbprov</marc:subfield></marc:datafield><marc:datafield tag="740" ind1="0" ind2=" "><marc:subfield code="a">Omnia opera.</marc:subfield></marc:datafield><marc:datafield tag="740" ind1="0" ind2=" "><marc:subfield code="a">Opera philosophica.</marc:subfield></marc:datafield><marc:datafield tag="700" ind1="1" ind2=" "><marc:subfield code="a">Heymbach, Bernardus von,</marc:subfield><marc:subfield code="d">d. 1664,</marc:subfield><marc:subfield code="e">former owner.</marc:subfield></marc:datafield><marc:datafield tag="710" ind1="2" ind2=" "><marc:subfield code="a">Sunderland library,</marc:subfield><marc:subfield code="e">former owner.</marc:subfield></marc:datafield><marc:datafield tag="700" ind1="1" ind2=" "><marc:subfield code="a">Cori, Bernardino de',</marc:subfield><marc:subfield code="e">printer.</marc:subfield></marc:datafield><marc:datafield tag="752" ind1="1" ind2="0"><marc:subfield code="d">Venice.</marc:subfield></marc:datafield><marc:datafield tag="950" ind1=" " ind2=" "><marc:subfield code="l">RARE</marc:subfield><marc:subfield code="i">04/23/96 C</marc:subfield></marc:datafield><marc:datafield tag="998" ind1=" " ind2=" "><marc:subfield code="a">04/23/96</marc:subfield><marc:subfield code="t">c</marc:subfield><marc:subfield code="s">9115</marc:subfield><marc:subfield code="n">DFo</marc:subfield><marc:subfield code="w">DCFG96B68</marc:subfield><marc:subfield code="d">01/26/96</marc:subfield><marc:subfield code="c">ML</marc:subfield><marc:subfield code="b">ML</marc:subfield><marc:subfield code="l">DCFG</marc:subfield></marc:datafield></marc:record>