
<marc:record><marc:leader>02121cam a2200409 a 4500</marc:leader>
<marc:controlfield tag="001">90277</marc:controlfield>
<marc:controlfield tag="005">20110119170024.0</marc:controlfield><marc:controlfield tag="008">950421s1491    it            001 0 lat d</marc:controlfield><marc:datafield tag="035" ind1=" " ind2=" "><marc:subfield code="9">DCFG95-B1263</marc:subfield></marc:datafield><marc:datafield tag="040" ind1=" " ind2=" "><marc:subfield code="a">DFo</marc:subfield><marc:subfield code="c">DFo</marc:subfield><marc:subfield code="e">dcrb</marc:subfield></marc:datafield><marc:datafield tag="090" ind1=" " ind2=" "><marc:subfield code="b">INC M77</marc:subfield><marc:subfield code="f">cs947</marc:subfield><marc:subfield code="t">6̃50</marc:subfield><marc:subfield code="i">04/28/95 C</marc:subfield></marc:datafield><marc:datafield tag="240" ind1="1" ind2="0"><marc:subfield code="a">Sermones ab adventu cum quadragesimali</marc:subfield></marc:datafield><marc:datafield tag="245" ind1="1" ind2="0"><marc:subfield code="a">Quadragesimale doctoris illuminati Francisci de Mayronis.</marc:subfield></marc:datafield><marc:datafield tag="260" ind1=" " ind2=" "><marc:subfield code="a">Venetijs ... impressi :</marc:subfield><marc:subfield code="b">Per Bernardinu[m] de Nouaria,</marc:subfield><marc:subfield code="c">anno ab Incarnat[i]o[n]e D[omi]ni 1491 die vero xx. me[n]sis Ianuarij.</marc:subfield></marc:datafield><marc:datafield tag="300" ind1=" " ind2=" "><marc:subfield code="a">196, [20] leaves ;</marc:subfield><marc:subfield code="c">22 cm. (4to)</marc:subfield></marc:datafield><marc:datafield tag="500" ind1=" " ind2=" "><marc:subfield code="a">Imprint from colophon (leaf [con]4r).</marc:subfield></marc:datafield><marc:datafield tag="500" ind1=" " ind2=" "><marc:subfield code="a">Signatures: a-z⁸, [et]⁸, [con]⁴, A-B⁸, C⁴.</marc:subfield></marc:datafield><marc:datafield tag="500" ind1=" " ind2=" "><marc:subfield code="a">Capital spaces with guide letters.</marc:subfield></marc:datafield><marc:datafield tag="500" ind1=" " ind2=" "><marc:subfield code="a">Printed in 2 columns.</marc:subfield></marc:datafield><marc:datafield tag="500" ind1=" " ind2=" "><marc:subfield code="a">Leaves A1 and B8 are blank (cf. Walsch for description of leaf B8).</marc:subfield></marc:datafield><marc:datafield tag="500" ind1=" " ind2=" "><marc:subfield code="a">Includes register.</marc:subfield></marc:datafield><marc:datafield tag="510" ind1="4" ind2=" "><marc:subfield code="a">Goff</marc:subfield><marc:subfield code="c">M-92.</marc:subfield></marc:datafield><marc:datafield tag="510" ind1="4" ind2=" "><marc:subfield code="a">BM 15th cent.,</marc:subfield><marc:subfield code="c">V, p. 403 (IA.22648).</marc:subfield></marc:datafield><marc:datafield tag="510" ind1="4" ind2=" "><marc:subfield code="a">Hain</marc:subfield><marc:subfield code="c">10530*.</marc:subfield></marc:datafield><marc:datafield tag="510" ind1="4" ind2=" "><marc:subfield code="a">Walsch</marc:subfield><marc:subfield code="c">2185.</marc:subfield></marc:datafield><marc:datafield tag="500" ind1=" " ind2=" "><marc:subfield code="a">Includes index.</marc:subfield></marc:datafield><marc:datafield tag="590" ind1=" " ind2=" "><marc:subfield code="a">Folger copy: leaves A1 and B8, both blank, lacking; instead of conjugate leaves e3,e6 and e4,e5 gathering e includes duplicates of conjugate leaves e1,e8 and e2,e7, reading: e1, e2, e1, e2, e7, e8, e7, e8.</marc:subfield></marc:datafield><marc:datafield tag="590" ind1=" " ind2=" "><marc:subfield code="a">A few early notes with brackets in brown ink.</marc:subfield></marc:datafield><marc:datafield tag="590" ind1=" " ind2=" "><marc:subfield code="a">Inscription on t.p. &quot;Conuentus Sanctae Mariae de Cimellis Niciae Svag: Pa. N:o ii.&quot; and booklabel reading &quot;Ex Biblioth. FF. MM. Reform. S. Mariae Cemelii Nicaeae&quot;; inscription on front flyleaf &quot;Ex libris Arthuri de la Borderie Año Dñi Mo. DCCCo. LXXo. IXo.&quot; followed by bibliographic notes; purchased in 1921.</marc:subfield></marc:datafield><marc:datafield tag="650" ind1=" " ind2="0"><marc:subfield code="a">Church year sermons.</marc:subfield></marc:datafield><marc:datafield tag="710" ind1="2" ind2=" "><marc:subfield code="a">Notre-Dame de Cimiez (Franciscan monastery),</marc:subfield><marc:subfield code="e">former owner.</marc:subfield></marc:datafield><marc:datafield tag="700" ind1="1" ind2=" "><marc:subfield code="a">Le Moyne de La Borderie, Arthur,</marc:subfield><marc:subfield code="d">1827-1901,</marc:subfield><marc:subfield code="e">former owner.</marc:subfield></marc:datafield><marc:datafield tag="700" ind1="1" ind2=" "><marc:subfield code="a">Rizzo, Bernardino,</marc:subfield><marc:subfield code="d">fl. 1481-1492,</marc:subfield><marc:subfield code="e">printer.</marc:subfield></marc:datafield><marc:datafield tag="752" ind1="1" ind2="0"><marc:subfield code="d">Venice.</marc:subfield></marc:datafield><marc:datafield tag="100" ind1="0" ind2=" "><marc:subfield code="a">Franciscus,</marc:subfield><marc:subfield code="c">de Mayronis,</marc:subfield><marc:subfield code="d">ca. 1285-ca. 1328.</marc:subfield></marc:datafield><marc:datafield tag="950" ind1=" " ind2=" "><marc:subfield code="l">RARE</marc:subfield><marc:subfield code="i">04/28/95 C</marc:subfield></marc:datafield><marc:datafield tag="998" ind1=" " ind2=" "><marc:subfield code="a">04/28/95</marc:subfield><marc:subfield code="t">c</marc:subfield><marc:subfield code="s">9114</marc:subfield><marc:subfield code="n">DFo</marc:subfield><marc:subfield code="w">DCFG95B1263</marc:subfield><marc:subfield code="d">04/21/95</marc:subfield><marc:subfield code="c">ML</marc:subfield><marc:subfield code="b">MT</marc:subfield><marc:subfield code="l">DCFG</marc:subfield></marc:datafield></marc:record>