
<marc:record><marc:leader>03930cam a2200517 a 4500</marc:leader>
<marc:controlfield tag="001">89182</marc:controlfield>
<marc:controlfield tag="005">20120821143406.0</marc:controlfield><marc:controlfield tag="008">931022q14781480gw            001 0 lat d</marc:controlfield><marc:datafield tag="035" ind1=" " ind2=" "><marc:subfield code="9">DCFG93-B14732</marc:subfield></marc:datafield><marc:datafield tag="040" ind1=" " ind2=" "><marc:subfield code="a">C</marc:subfield><marc:subfield code="c">C</marc:subfield><marc:subfield code="d">DFo</marc:subfield><marc:subfield code="e">dcrb</marc:subfield><marc:subfield code="d">UtOrBLW</marc:subfield></marc:datafield><marc:datafield tag="090" ind1=" " ind2=" "><marc:subfield code="b">INC A301</marc:subfield><marc:subfield code="t">6̃10</marc:subfield><marc:subfield code="t">6̃50</marc:subfield><marc:subfield code="t">7̃55</marc:subfield><marc:subfield code="i">11/15/95 N</marc:subfield><marc:subfield code="h">11/05/93 C</marc:subfield></marc:datafield><marc:datafield tag="240" ind1="1" ind2="0"><marc:subfield code="a">Sermones de tempore et de Sanctis</marc:subfield></marc:datafield><marc:datafield tag="245" ind1="1" ind2="0"><marc:subfield code="a">Registrum in Sermones Alberti. Magni de tempore [et] de Sanctis.</marc:subfield></marc:datafield><marc:datafield tag="260" ind1=" " ind2=" "><marc:subfield code="a">Vlme :</marc:subfield><marc:subfield code="b">[Per] Iohannem Zainer ... impressi,</marc:subfield><marc:subfield code="c">[ca. 1478-1480]</marc:subfield></marc:datafield><marc:datafield tag="300" ind1=" " ind2=" "><marc:subfield code="a">[472] p. ;</marc:subfield><marc:subfield code="c">29 cm. (fol.)</marc:subfield></marc:datafield><marc:datafield tag="500" ind1=" " ind2=" "><marc:subfield code="a">Title from index (leaf [a]2r).</marc:subfield></marc:datafield><marc:datafield tag="500" ind1=" " ind2=" "><marc:subfield code="a">Colophon at end of 1st pt.: Sermones notabiles [et] formales magistri alberti magni ordinis p[re]dicatorum de tempore [et] de sanctis ... impressi per Iohanne[m] zainer in opido Vlm finiunt feliciter.</marc:subfield></marc:datafield><marc:datafield tag="500" ind1=" " ind2=" "><marc:subfield code="a">Second colophon (leaf [F]8r): Sermones de tempore Alberti magni [per] Iohannem Zainer Vlme impressi Finiunt feliciter [et]c.</marc:subfield></marc:datafield><marc:datafield tag="500" ind1=" " ind2=" "><marc:subfield code="a">Place of publication and publisher statement from colophons; date of publication from Goff.</marc:subfield></marc:datafield><marc:datafield tag="500" ind1=" " ind2=" "><marc:subfield code="a">Signatures: [a]¹², [b]-[l]⁸, [m]¹², [n]-[z]⁸, [A]-[C]⁸, [D]-[E]⁶, [F]⁸.</marc:subfield></marc:datafield><marc:datafield tag="500" ind1=" " ind2=" "><marc:subfield code="a">Capital spaces.</marc:subfield></marc:datafield><marc:datafield tag="510" ind1="4" ind2=" "><marc:subfield code="a">Goff</marc:subfield><marc:subfield code="c">A-332.</marc:subfield></marc:datafield><marc:datafield tag="510" ind1="4" ind2=" "><marc:subfield code="a">GW</marc:subfield><marc:subfield code="c">776.</marc:subfield></marc:datafield><marc:datafield tag="510" ind1="4" ind2=" "><marc:subfield code="a">BM 15th cent.,</marc:subfield><marc:subfield code="c">II, p. 528 (IB.9207)</marc:subfield></marc:datafield><marc:datafield tag="510" ind1="4" ind2=" "><marc:subfield code="a">Hain</marc:subfield><marc:subfield code="c">*470.</marc:subfield></marc:datafield><marc:datafield tag="590" ind1=" " ind2=" "><marc:subfield code="a">Folger copy: leaf [a]1, blank, lacking; lower edge of leaves [o]4 and [F]8 partly torn; rubricated letters are smudged at the beginning of the volume; edges trimmed affecting fore-edge inscription on front flyleaf.</marc:subfield></marc:datafield><marc:datafield tag="590" ind1=" " ind2=" "><marc:subfield code="a">Initials rubricated in red, with capital strokes, paragraph marks, and underlining of titles and biblical references; also occasional repetition of the name of the Saint in same red paint in the 1st few sermons; from leaf [s]5v on, only initials and paragraph marks are rubricated.</marc:subfield></marc:datafield><marc:datafield tag="590" ind1=" " ind2=" "><marc:subfield code="a">A few early manuscript notes in margins.</marc:subfield></marc:datafield><marc:datafield tag="590" ind1=" " ind2=" "><marc:subfield code="a">Inscription on verso of front fly leaf: Georgius Reuss de Neustadte ex Carniolana clericus Me iam suo mancipio possidet ... ; another inscription in fore-edge margin of leaf [a]2r in a different handwriting, starting: Georgius Raus ... [partially illegible]; remaining adhesive indicates a slip was pasted over it; also handwritten at head of leaf [a]2r: Bibliothecae Augustinianae ad D.V. Schuteranam Ingolstadij 1634. Viti Prieser SSae Theologiae Licentiati A.̊d. 91. Mense Ia ... [incomplete]; handwritten note on recto of front fly leaf: To L.C. Illingworth From C.B.; bookplate of W.T. Smedley; purchased in 1924.</marc:subfield></marc:datafield><marc:datafield tag="590" ind1=" " ind2=" "><marc:subfield code="a">Contemporary quarter pigskin binding, possibly Swiss, blind tooled with leaf design rolls on wooden boards; 2 clasps (1 has remains only); paper spine label at the head of the spine and small round sticker on the tail of the spine with number; inscription on fore-edge: &quot;Postilla Alb: Magni&quot;; the first gatherings show evidence of nail perforation from front cover, slightly affecting text; repaired; in a tailored box.</marc:subfield></marc:datafield><marc:datafield tag="590" ind1=" " ind2=" "><marc:subfield code="a">With: Paratus. Sermo[n]es Parati de te[m]pore et de Sanctis. [Passau : Johannes Petri, ca. 1487-1488]</marc:subfield></marc:datafield><marc:datafield tag="650" ind1=" " ind2="0"><marc:subfield code="a">Church year sermons.</marc:subfield></marc:datafield><marc:datafield tag="650" ind1=" " ind2="0"><marc:subfield code="a">Sermons, Latin.</marc:subfield></marc:datafield><marc:datafield tag="610" ind1="2" ind2="0"><marc:subfield code="a">Catholic Church</marc:subfield><marc:subfield code="v">Sermons.</marc:subfield></marc:datafield><marc:datafield tag="655" ind1=" " ind2="7"><marc:subfield code="a">Annotations (Provenance)</marc:subfield><marc:subfield code="2">rbprov</marc:subfield></marc:datafield><marc:datafield tag="655" ind1=" " ind2="7"><marc:subfield code="a">Pigskin bindings (Binding)</marc:subfield><marc:subfield code="z">Germany</marc:subfield><marc:subfield code="y">15th century.</marc:subfield></marc:datafield><marc:datafield tag="700" ind1="1" ind2=" "><marc:subfield code="a">Reuss, Georgius,</marc:subfield><marc:subfield code="e">former owner.</marc:subfield></marc:datafield><marc:datafield tag="710" ind1="1" ind2=" "><marc:subfield code="a">Ingolstadt (Germany).</marc:subfield><marc:subfield code="b">Augustinian Hermits,</marc:subfield><marc:subfield code="e">former owner.</marc:subfield></marc:datafield><marc:datafield tag="700" ind1="1" ind2=" "><marc:subfield code="a">Illingworth, L. C.,</marc:subfield><marc:subfield code="e">former owner.</marc:subfield></marc:datafield><marc:datafield tag="700" ind1="1" ind2=" "><marc:subfield code="a">Smedley, William T.</marc:subfield><marc:subfield code="q">(William Thomas),</marc:subfield><marc:subfield code="d">b. 1851,</marc:subfield><marc:subfield code="e">former owner.</marc:subfield></marc:datafield><marc:datafield tag="700" ind1="1" ind2=" "><marc:subfield code="a">Zainer, Johannes,</marc:subfield><marc:subfield code="d">d. 1541?,</marc:subfield><marc:subfield code="e">printer.</marc:subfield></marc:datafield><marc:datafield tag="752" ind1="1" ind2="0"><marc:subfield code="d">Ulm.</marc:subfield></marc:datafield><marc:datafield tag="856" ind1="4" ind2="1"><marc:subfield code="u">http://luna.folger.edu/luna/servlet/s/b2oq15</marc:subfield><marc:subfield code="z">Binding images and description for Folger Shakespeare Library INC A301</marc:subfield></marc:datafield><marc:datafield tag="100" ind1="0" ind2=" "><marc:subfield code="a">Albertus,</marc:subfield><marc:subfield code="c">Magnus, Saint,</marc:subfield><marc:subfield code="d">1193?-1280.</marc:subfield></marc:datafield><marc:datafield tag="950" ind1=" " ind2=" "><marc:subfield code="l">RARE</marc:subfield><marc:subfield code="h">11/05/93 C</marc:subfield></marc:datafield><marc:datafield tag="998" ind1=" " ind2=" "><marc:subfield code="a">11/15/95</marc:subfield><marc:subfield code="t">c</marc:subfield><marc:subfield code="s">9116</marc:subfield><marc:subfield code="n">DFo</marc:subfield><marc:subfield code="w">DCFG93B14732</marc:subfield><marc:subfield code="d">10/22/93</marc:subfield><marc:subfield code="c">ML</marc:subfield><marc:subfield code="b">MT</marc:subfield><marc:subfield code="l">DCFG</marc:subfield></marc:datafield></marc:record>
</marc:collection>
